3244 5250
145 555 236 604 uam
260 531 378 630 Zodga
396 544 585 630 postquam
604 549 730 602 omnes
747 527 984 630 descripserat
994 555 1029 630 p.
1053 555 1214 632 172-192
1239 439 1298 604 vxid

142 648 285 749 aliquot
310 648 450 749 antiqui
476 643 643 720 Foederis
669 646 866 747 fragmenta
882 647 1006 721 edidit.
1026 650 1104 749 Ego
1123 673 1210 722 vero
1228 650 1298 722 Ro·

145 790 270 840 manos
300 764 412 840 libros
441 762 626 838 Sahidicos
657 765 793 864 perlegi
823 762 996 838 venandis
1028 766 1209 840 vocabulis
1238 769 1296 840 in·

14 927 22 942 ·
145 899 282 958 tentus.
307 885 461 958 Messem
486 881 569 954 inde
595 881 784 956 collectam
808 908 982 956 novarum
1000 908 1130 956 vocum
1148 901 1210 958 ant
1228 883 1299 956 sor·

145 1028 307 1091 marum,
333 1025 426 1103 qnae
453 1001 491 1072 in
518 1025 599 1072 meo
624 1001 759 1072 Lexico
783 998 1059 1092 desiderantur,
1083 1017 1191 1102 atque
1209 1001 1297 1074 adeo

146 1118 269 1220 paullo
295 1133 378 1192 sunt
402 1119 583 1209 rariorcS,
608 1142 651 1190 eo
676 1117 845 1190 libentius
871 1119 907 1190 in
933 1117 1051 1190 lucem
1077 1117 1240 1219 profero,
1257 1135 1299 1192 ut

145 1237 256 1310 simul
273 1237 496 1310 occasionem
511 1237 680 1336 arripiam
693 1233 885 1336 supplendi
900 1233 1072 1308 nonnulla
1089 1265 1109 1310 a
1131 1261 1190 1309 me
1210 1239 1299 1310 osci·

147 1369 269 1428 tauter
294 1357 432 1428 omissa.
460 1354 516 1426 Sic
543 1379 596 1426 ex.
625 1379 679 1453 gr.
704 1379 789 1426 cum
814 1350 949 1454 duplet
978 1355 1027 1426 sit
1059 1370 1214 1453 potestas
1240 1380 1297 1427 vo·

145 1471 272 1546 cabnli
296 1475 393 1564 gne,
419 1471 532 1544 altera
555 1479 716 1571 operere,
743 1469 854 1544 altera
878 1475 1035 1572 lampas,
1054 1470 1217 1572 adeoque
1235 1470 1298 1544 du-

147 1589 231 1690 plex
254 1588 356 1662 radix
381 1593 455 1681 §nco
477 1589 617 1662 admitti
648 1587 778 1662 debent
791 1646 802 1680 ,
836 1611 901 1688 ego
927 1604 1117 1690 postquam
1143 1589 1298 1690 primam

146 1733 192 1780 ex
206 1711 303 1782 -meis
328 1707 537 1782 adversariis
555 1709 815 1808 exscripseram
825 1763 837 1800 ,
856 1706 1051 1782 secundam
1067 1705 1165 1780 aliud
1188 1731 1297 1807 agens

145 1827 295 1900 omnino
320 1826 452 1918 omisi3
479 1827 678 1900 accuratius
704 1826 811 1897 etiam
837 1825 920 1898 volo
945 1822 1130 1898 distinctas
1160 1824 1296 1898 radices

144 1952 288 2020 edbert
313 1959 351 2017 et
373 1955 538 2038 caudeam
564 1959 642 2016 tum
667 1944 798 2017 radicis
822 1965 956 2017 nonan
979 1940 1148 2016 blandior
1175 1967 1298 2016 veram

147 2075 365 2163 potestatem
392 2059 681 2163 deprehendisse.
708 2061 813 2152 Quod
835 2063 864 2134 si
890 2058 1191 2161 supplementum
1216 2087 1296 2161 per·

144 2203 280 2279 paucas
307 2176 411 2252 offert
435 2205 546 2252 novas
571 2178 631 2252 vel
663 2203 791 2272 voces,
821 2177 881 2252 vel
910 2203 1040 2250 vocum
1066 2180 1296 2268 notationes,

145 2293 215 2368 sed
238 2297 423 2368 maximam
451 2309 590 2395 partem
609 2310 810 2368 constater
828 2293 1124 2404 derivatiquuae
1142 2290 1304 2394 quisque.

144 2435 195 2485 ex
217 2411 337 2485 radice
363 2411 468 2486 facile
493 2414 753 2514 interpretatus
766 2411 931 2505 ¹fnisset,
956 2411 995 2485 id
1010 2413 1221 2486 'certissimo
1240 2437 1296 2483 ar·

142 2544 319 2630 grumento
345 2548 401 2605 est
424 2556 547 2604 meum
562 2531 722 2605 Lexicon
737 2528 834 2604 haud
851 2545 949 2604 tantu
969 2529 1222 2602 vocabulorum
1242 2529 1298 2603 vel

145 2645 451 2746 significationum
468 2648 591 2750 inopia
608 2647 790 2744 laborare,
810 2664 979 2750 quantam
999 2646 1164 2720 nonnulli
1183 2644 1299 2719 invidi

145 2761 315 2838 dixerunt
340 2765 488 2868 potius‘,
513 2793 622 2866 quam
648 2764 762 2840 doctis
787 2767 873 2840 viris
890 2763 1162 2866 persuaderent
1178 2763 1297 2836 Unius

144 2879 342 2958 voluminis
366 2882 563 2957 modestam
588 2884 721 2957 molem
739 2885 777 2956 in
799 2886 927 2984 primis
945 2896 1030 2956 sunt
1046 2881 1297 2960 commiserati.

147 3001 220 3093 At,
246 3027 267 3074 o
292 3002 407 3096 honi,
432 3003 465 3076 si
488 3001 637 3078 fuissem
662 3003 865 3104 suspicatus
896 3001 1032 3073 librum
1057 2999 1221 3078 ex'rnole
1245 3000 1298 3072 in-

144 3115 307 3194 dicatum
322 3120 404 3214 iri,
434 3122 621 3194 universas
653 3145 741 3226 quas
774 3121 990 3219 collegeram
1023 3143 1110 3219 opes
1135 3144 1209 3191 non
1235 3144 1296 3192 ex-

147 3240 368 3334 crevissem„
392 3237 457 3312 sed
482 3239 646 3340 exempla
665 3238 838 3340 exemplis
854 3237 1060 3331 cumulans,
1078 3251 1182 3338 atque
1197 3239 1297 3308 anxia

147 3349 392 3442 sollicitudine
417 3355 555 3430 minuta
580 3381 747 3457 quaeque
773 3379 1022 3456 persequens,
1054 3353 1295 3429 multa'roln-

147 3473 245 3545 mina
262 3471 523 3548 confersissem.
541 3477 618 3575 Ego
637 3489 762 3547 contra
775 3472 927 3546 indicavi
945 3473 1077 3568 multa,
1090 3473 1161 3546 imo
1176 3474 1297 3544 omnia

148 3587 360 3692 colligenda
378 3615 479 3685 esse,
505 3591 568 3665 sed
593 3617 644 3664 ea.
661 3607 799 3664 tantum
832 3590 1102 3691 expromenda,
1133 3616 1226 3690 qnae
1246 3589 1299 3662 ad

147 3725 287 3780 rectam
299 3709 473 3811 cuiusque
492 3711 587 3784 vocis·
608 3706 723 3782 ideam
739 3707 948 3782 tradendam
967 3707 1104 3810 aliquid
1117 3708 1298 3782 habebant

146 3843 336 3900 momenti.

169 3995 173 4004 .
201 3943 283 4015 Scio
308 3943 476 4018 ordinem
494 3944 769 4047 etymologicum
788 3973 809 4018 a
825 3945 1013 4020 nonnullis
1032 3944 1141 4020 fnisse
1163 3947 1298 4046 impro-

145 4059 289 4151 batum,
303 4062 497 4162 utpoteqni
513 4063 690 4136 tironibus
700 4061 926 4146 difficultates
940 4062 1100 4137 creabat.
1116 4065 1164 4135 At
1175 4078 1300 4134 contra

146 4177 357 4277 complures
381 4176 472 4252 milii
497 4178 649 4282 professi
667 4196 774 4272 snat,
794 4207 856 4272 se,
882 4199 965 4282 post
983 4195 1188 4282 superatam
1206 4181 1301 4254 intra

146 4319 284 4398 paucos
311 4295 387 4370 dies
405 4323 519 4370 novae
538 4295 698 4372 methodi
716 4296 984 4394 difficultatem,
1003 4295 1198 4370 marimum
1215 4293 1299 4368 inde

146 4415 289 4514 cepisse
316 4411 475 4488 fructum
501 4414 574 4490 sire
601 4419 637 4490 in
664 4395 913 4516 comparandis
940 4416 1036 4490 inter
1060 4443 1098 4494 se
1125 4415 1299 4502 dialectis,
