3164 5248
334 426 404 513 224
483 434 486 439 ’

330 561 465 632 eunome
490 544 524 610 21
546 543 737 634 contingat
763 552 805 608 ut
830 543 922 612 222112
946 537 999 610 ad
1020 544 1135 632 ’2122222
1159 536 1312 635 ingredi
1342 531 1470 611 Eadem

328 657 470 732 varians
484 657 580 729 iuter
593 672 791 755 utrumque
810 670 952 728 textum
965 655 1126 729 occurrit
1139 656 1223 730 Act.
1237 681 1271 728 v.
1289 655 1346 754 39
1365 657 1472 729 Mem-

329 771 465 876 phitico
492 797 576 848 22222
602 772 780 846 Gamaliel
805 798 843 847 se
877 771 1001 872 prodit
1025 772 1209 873 Apostolis
1239 771 1473 864 benevolum,
1563 771 1564 780 ’

329 917 371 964 22
398 890 471 964 fere
497 889 768 982 Christianum
794 887 970 964 Thebano
995 916 1132 983 22222222
1156 888 1361 992 prudenter
1379 909 1474 964 suam

268 1017 276 1026 '
330 1024 489 1081 mentem
515 1006 618 1080 celat.

380 1124 483 1200 Inter
508 1124 619 1200 multa
642 1127 850 1200 Basmurice
874 1124 953 1199 loca
979 1123 1104 1201 videl.
1125 1128 1210 1200 Cor.
1224 1150 1280 1200 xv.
1297 1151 1329 1197 2.
1352 1149 1405 1198 22.
1423 1121 1470 1196 23.
1565 1213 1566 1238 1

337 1243 391 1335 24.
412 1243 466 1317 26.
488 1271 542 1345 27.
564 1267 618 1341 29.
636 1244 693 1316 32.

435 1429 652 1501 Coniunctio
677 1427 719 1500 T.
747 1453 901 1521 22222222,
927 1431 977 1503 M.
1005 1453 1139 1522 222222,
1165 1429 1207 1502 B.
1233 1452 1375 1522 2222222.

384 1594 552 1694 Utraque
578 1596 745 1669 coalescit
770 1622 814 1669 ex
831 1621 852 1670 e
870 1604 927 1688 si,
944 1611 982 1670 et
998 1597 1043 1668 T.
1061 1621 1190 1690 2922222,
1207 1583 1258 1668 Μ’.
1278 1619 1369 1685 Qun
1385 1617 1468 1681 esse3

335 1711 547 1812 particulam
572 1738 593 1786 2
620 1710 838 1814 quandoque
863 1730 991 1787 notare
1005 1721 1045 1788 ’21
1059 1711 1309 1788 demonstrant
1327 1709 1471 1810 exempla

335 1856 356 1900 2
382 1856 440 1904 me
468 1828 570 1911 allata
589 1832 628 1902 in
646 1831 780 1903 Lexico
798 1858 835 1931 p.
855 1833 916 1907 30.
938 1834 1059 1924 Quare
1075 1847 1229 1933 utraque
1247 1832 1282 1904 21
1294 1831 1356 1904 'sui
1374 1829 1472 1930 etymi

336 1947 433 2020 valet
457 1951 490 2019 21
513 1952 559 2020 sit
572 2003 583 2038 ‚
609 1955 642 2020 21
664 1955 873 2046 conuitgat,
899 1969 1006 2051 atque
1032 1947 1381 2049 adhibeturquoties
1403 1969 1469 2017 me·
1568 1949 1569 1974 1

338 2092 418 2138 ram
433 2063 663 2168 hypothesim
674 2065 856 2167 fingimus,
871 2065 964 2140 nihil
976 2067 1124 2169 quidem
1139 2080 1353 2158 statuentes,
1365 2079 1473 2136 utrum

338 2209 467 2256 revera
492 2183 614 2256 locum
639 2183 806 2257 habitura
831 2186 901 2276 sit,
926 2211 995 2259 uec
1021 2211 1067 2258 ne
1081 2240 1093 2278 ,
1111 2183 1176 2260 sed
1191 2199 1234 2257 ut
1246 2181 1474 2285 significemus
1569 2165 1570 2214 3

341 2301 455 2400 quid,
481 2326 523 2372 22
549 2304 690 2401 posita,
716 2317 927 2376 secuturum
953 2302 1010 2378 sit.
1038 2315 1042 2322 '

397 2416 633 2518 Memphitica
662 2419 884 2492 construitur
917 2446 1002 2493 cum
1038 2435 1202 2522 tempore
1233 2417 1475 2508 subiunctivo,

342 2562 454 2628 222222
480 2537 1280 2636 212028222122211321222221222113221222.
1298 2537 1358 2638 37,
1376 2559 1477 2626 2222222
1571 2614 1572 2638 7

344 2652 418 2728 2122
443 2679 546 2730 oron
563 2680 656 2730 utor
681 2662 714 2728 si
737 2662 870 2756 aliquis
894 2660 1076 2730 moriatur
1100 2656 1149 2727 ib.
1177 2656 1235 2754 39.
1265 2651 1358 2728 Vide
1383 2655 1479 2728 Leu't
1571 2643 1572 2696 ³

333 2769 419 2869 suun
442 2799 496 2847 12.
517 2773 570 2846 26.
588 2799 645 2848 aa.
662 2774 720 2846 23.
738 2772 873 2873 27235.
891 2775 949 2868 41.
965 2773 1025 2875 57.

349 2889 577 3001 Τ122122122
603 2892 823 2964 construitur
849 2917 931 2964 cum
956 2889 1240 2985 12122222,211
1259 2915 1394 2982 emanue
1411 2909 1481 2963 oro

347 2994 579 3094 22221212ῌέ2
603 3013 636 3082 21
659 3014 852 3107 contuzgat
869 3015 1014 3128 227212
1039 3015 1214 3084 muneret
1237 3007 1333 3106 Ioh.
1338 3010 1397 3080 xri.
1416 3004 1481 3095 26,

244 3123 253 3144 '
348 3149 485 3214 2222222
512 3149 662 3200 cenerum
687 3133 929 3266 sisrcmittant
958 3111 1040 3204 2122.
1061 3153 1137 3202 vui.
1160 3153 1231 3220 22,
1260 3103 1396 3216 emutire
1425 3146 1482 3197 22-

349 3248 643 3340 necnonouuq
667 3247 700 3316 21
718 3261 895 3345 poterunt
914 3250 1071 3346 palpare
1094 3269 1175 3318 eum
1200 3225 1282 3320 A'ct.
1297 3264 1378 3320 mr.
1370 3267 1448 3342 .27.

400 3361 608 3434 Basmurice
634 3362 740 3436 modo
760 3389 842 3436 cum
861 3361 1088 3436 subiunctivo
1106 3361 1328 3463 construitur
1347 3359 1389 3458 Q.
1404 3355 1481 3448 243,

350 3479 459 3553 modo
486 3505 569 3552 cum
599 3479 720 3554 futuro
750 3481 779 3552 Ι.
802 3483 1038 3580 Cor.v11.9;
1066 3495 1145 3553 tum
1173 3479 1316 3554 ib.x1v.·
1337 3477 1385 3552 35
1411 3495 1483 3548 cum

222 3621 224 3626 ·
351 3597 544 3698 praesenti.

405 3897 543 3972 XVIII.
572 3901 727 4002 Tempus
748 3901 989 4002 Couzpositum
1008 3925 1091 3974 cum
1112 3901 1303 3973 Partuuta
1322 3923 1391 3974 ene
1408 3901 1445 3968 21.

408 4181 491 4253 Dixi
508 4208 587 4264 ene
612 4191 645 4258 21
669 4209 748 4258 eam
774 4186 912 4257 afficere
931 4184 1233 4286 propositionem.
1249 4207 1354 4283 quam
1375 4199 1492 4279 negare

359 4299 530 4374 volumus.
557 4303 725 4376 Concinit
750 4319 921 4404 etymon,
946 4315 1028 4376 212222
1054 4311 1080 4378 ti
1105 4327 1171 4378 seu
1197 4329 1245 4377 222
1261 4294 1493 4402 estpurticuia

195 4471 198 4478 ·
239 4417 241 4421 ’
361 4417 527 4520 negativa
552 4443 635 4490 22222.
