3228 5248
182 1013 371 1104 Quantum
402 1035 469 1111 ego
501 1007 718 1112 profecerim
742 1035 783 1084 cx
813 1007 1012 1086 Codicibus
1036 1011 1226 1114 Bargianis
1252 1017 1291 1088 in
1353 1053 1361 1070 ι

126 1129 357 1222 bibliotheca
382 1129 534 1231 Collegii
561 1127 819 1231 Propagandae
844 1128 949 1204 Fidei
974 1134 1167 1218 asservatis
1186 1131 1290 1208 sacile

124 1248 287 1350 quisque
307 1246 485 1349 intelliget
501 1273 544 1319 er
562 1246 798 1348 sequentibus
816 1243 1084 1322 Additamentis
1099 1249 1148 1332 ¹ad
1166 1275 1292 1325 memn

128 1368 295 1466 Lexicon
304 1419 317 1458 ,
334 1391 428 1467 quae
447 1364 566 1438 omnia
583 1362 736 1438 laudatis
756 1363 978 1441 membranis
994 1381 1142 1468 accepta
1162 1366 1290 1444 resero.

128 1487 257 1574 Quare
283 1507 356 1583 quo
382 1483 517 1555 maiora
542 1495 627 1558 sunt
652 1505 777 1568 earum
801 1481 925 1564 inme
945 1482 1097 1576 meritc,
1119 1485 1292 1560 eoetiam

127 1601 309 1673 maiorem
334 1600 487 1700 gratiam
510 1624 586 1688 non
604 1612 753 1684 ,tantum
778 1597 913 1674 habere
941 1598 1081 1692 debeo,
1100 1599 1163 1675 sed
1182 1602 1291 1676 etiam

128 1709 273 1792 referre
300 1743 375 1794 non
400 1716 515 1790 dicam
541 1716 689 1809 verbis,
706 1729 752 1806 ‚at
777 1742 817 1788 re
849 1718 926 1818 ipsa
957 1731 994 1792 et
1027 1716 1140 1793 sactis.
1171 1721 1290 1792 Porro

130 1831 317 1930 reseram,
341 1835 510 1909 mutilum
528 1835 748 1936 Borgianum
767 1833 938 1909 Codicem
949 1891 961 1928 ‚
981 1839 1213 1936 quantumin
1233 1865 1292 1912 me

130 1951 218 2044 esd,
243 1951 494 2054 redintegrans
507 2008 519 2046 ‚
539 1952 727 2054 simulque
752 1953 873 2024 Emin.
900 1952 1103 2027 Cardiualis
1139 1955 1293 2056 Borgiae

130 2073 347 2146 memoriam
382 2067 537 2146 eruditis
575 2070 744 2144 omnibus
777 2067 1046 2165 venerandam,
1081 2069 1172 2144 mihi
1203 2098 1292 2146 vero

131 2187 244 2290 longe
269 2187 567 2264 iucundissimam
593 2187 810 2262 instaurans.
1206 2175 1207 2178 ¹

162 2392 166 2398 ⁵
187 2308 346 2407 Septem¹
360 2305 595 2380 membranae
622 2306 825 2406 Copticae,
851 2330 988 2408 eaeque
1005 2307 1294 2409 antiquissimae,

132 2424 179 2527 in
202 2425 381 2525 Borgiuno
398 2425 523 2514 Museo
541 2422 730 2498 Veliterno
748 2422 1003 2519 servabantur,
1023 2450 1118 2526 quae
1136 2423 1208 2498 duo
1224 2426 1294 2500 Mi-

132 2529 263 2640 racula
280 2541 315 2616 S.
334 2539 480 2616 Coluthi
497 2541 666 2644 Martyris
683 2538 907 2636 reserebant;
925 2567 1055 2646 nempe
1080 2561 1184 2618 erant
1196 2543 1293 2632 male

130 2658 315 2756 mulcatuc
332 2657 509 2758 reliquiae
527 2660 674 2736 maioris
694 2657 848 2754 codicis,
869 2659 933 2763 qui
952 2661 1091 2760 integra
1109 2676 1190 2734 acta
1209 2688 1294 2736 cum

131 2763 253 2852 huius¹
268 2779 458 2878 Martyris,
476 2793 557 2850 tum
571 2776 727 2852 aliorum
747 2778 882 2854 Christi
902 2778 1116 2860 athletarum
1134 2778 1301 2856 tenebat..

132 2896 245 2969 Hisce
255 2920 342 2990 vero
355 2887 567 2998 fragmentis
581 2893 732 2970 mirifice
747 2896 945 3006 delectatus
961 2895 1139 2968 Antonius
1153 2898 1300 2997 Georgi,

132 3009 298 3086 Eremita
323 3014 604 3116 Augustinianus
617 3071 630 3110 ,
654 3015 711 3087 vir
737 3013 888 3116 Coptice
923 3010 1047 3086 doctus
1062 3013 1302 3116 „multaque

135 3130 344 3227 eruditione
367 3131 543 3232 insignis,
569 3155 612 3204 ea
638 3129 819 3231 evulgavit
835 3131 881 3216 vin
900 3129 1082 3205 volumine
1101 3131 1153 3204 IV
1172 3133 1292 3208 Aner-

133 3248 306 3323 datorum
331 3251 468 3324 Romae
493 3274 588 3334 anno
621 3250 725 3351 1783.
755 3249 913 3342 Postea,
945 3249 1152 3323 fortunante
1185 3251 1291 3342 Deo,

131 3392 219 3440 cum
244 3365 334 3442 duas
359 3367 442 3442 alias
462 3366 690 3469 membranas
706 3367 904 3442 invenisset
921 3367 959 3440 in
982 3367 1290 3468 Aegyptiacorum

132 3481 410 3584 ἀποσπασματίων
428 3483 599 3587 fasciculo
618 3483 664 3559 ad
680 3485 1179 3585 Emin,Borgian1exultitna
1197 3486 1290 3560 The-

132 3600 242 3676 baide
267 3601 438 3696 advecto,
455 3628 585 3677 novam
600 3605 764 3677 omnium
782 3603 1075 3678 membranarum
1093 3601 1290 3678 editionem

132 3718 302 3821 proferre
328 3721 515 3796 constituit
528 3775 540 3812 ‚
565 3746 659 3823 quae
685 3717 863 3795 decennio
895 3736 975 3822 post
1005 3722 1139 3794 Rornae
1170 3721 1287 3796 lucem

132 3836 251 3934 vidit,
288 3856 393 3913 aucta
430 3838 593 3939 reliquiis
624 3840 798 3913 Actorum
830 3839 866 3912 S.
900 3838 1104 3932 Panesniv,
1139 3838 1296 3940 aliisque.

132 3955 298 4058 Copticis
333 3955 546 4060 fragmentis
567 3957 622 4029 .in
657 3955 930 4031 adnotationum
961 3958 1093 4030 seriem
1129 3958 1285 4032 insertis.

130 4072 224 4146 Nam
250 4074 430 4176 Georgius
455 4088 556 4148 tanta
579 4074 800 4176 multigenae
827 4073 1014 4149 doctrinae
1040 4076 1144 4177 copia
1169 4077 1288 4152 afflue-

129 4187 216 4283 bat,
241 4205 283 4266 ut
294 4246 308 4285 ,
333 4191 421 4266 dum
446 4218 526 4266 eam
556 4216 769 4295 expromere
804 4189 940 4286 vellet,
977 4192 1124 4268 modum
1162 4209 1286 4269 tenere

131 4310 276 4398 nescius
302 4324 533 4384 monumenta
563 4311 807 4384 monumentis
836 4327 1048 4402 acervamt,
1081 4332 1190 4412 atque
1224 4337 1285 4386 ex·

133 4438 281 4503 cursum
306 4425 518 4532 digressioni
542 4441 778 4526 annecteret3
806 4421 983 4530 quare-fin
1007 4441 1285 4504 cornmcmorato
