3244 5250
340 476 429 524 xvltt

340 589 413 642 uon
440 566 547 641 hahet
571 565 768 669 sophonias
794 594 841 641 nr.
863 572 923 660 11'3
951 583 1078 644 eontra
1096 569 1189 644 Gen.
1206 594 1242 644 x.
1260 594 1286 669 9
1304 582 1489 682 campter-

341 703 398 760 tus
424 686 575 761 haberet
599 711 673 760 nae
700 707 801 777 pua,
828 688 906 787 ipse
934 713 968 788 p.
999 687 1072 780 428
1097 687 1244 790 scripsit
1264 699 1345 778 'pan
1371 681 1487 763 neira-
1599 716 1600 719 ¹

337 822 416 896 tar,
436 820 515 878 tum
538 804 593 878 sui
618 807 809 877 immemor
832 833 867 904 p.
902 808 974 905 728
1000 805 1146 906 scripsit
1169 811 1296 895 arepha
1321 813 1489 880 cenaui.

340 923 438 997 Haec
465 938 503 996 et
527 937 692 996 sexcenta
718 921 834 1023 probe
861 918 983 1014 video,
1010 922 1074 996 sed
1092 922 1159 1002 alia
1174 938 1277 1015 sunt,
1295 949 1389 1024 quae
1407 949 1490 996 cnm
1600 935 1601 948 ³

339 1066 413 1112 non
439 1039 650 1142 expediam,
674 1039 762 1114 nolo
789 1038 900 1112 relati
918 1039 1073 1139 probam
1090 1039 1249 1114 mercem
1268 1067 1348 1114 mea
1364 1041 1406 1112 in
1420 1038 1488 1114 Ad·
1600 1053 1601 1056 ’

341 1156 537 1231 ditamenta
564 1156 753 1232 admittere
778 1155 866 1231 fisus
890 1157 1096 1231 auctoritati
1120 1155 1382 1259 Leticographi
1398 1157 1490 1232 adeo

343 1275 526 1348 incuriosi.
1598 1349 1599 1354 ,

391 1395 445 1466 De
472 1392 716 1468 Grammatica
741 1405 850 1492 atque
884 1389 1146 1468 additamentis
1178 1392 1271 1468 dicta
1302 1392 1493 1466 sufficiant.

341 1510 445 1582 Nune
472 1535 538 1608 pro
563 1536 603 1582 re
627 1525 713 1581 nata
737 1509 835 1581 iuvat
860 1510 1142 1612 paucaCldere
1173 1509 1218 1584 de
1243 1508 1392 1584 Biblicis
1418 1509 1490 1584 Co-

343 1627 483 1701 dioihus
507 1627 709 1726 Borgiauis.

391 1747 447 1817 Ex
474 1742 710 1846 Memphitica
738 1747 904 1820 versione
932 1745 1051 1819 lucem
1080 1743 1171 1820 vidit
1200 1744 1493 1836 Pentateuchns‚

340 1863 552 1936 Psalterium
578 1860 644 1958 (ί),
670 1863 874 1965 Prophetae
893 1865 1049 1938 minores
1068 1861 1126 1959 (θ),
1144 1890 1188 1936 ac
1205 1863 1346 1938 Notum
1366 1864 1495 1936 Testa·

340 1996 531 2072 mentum,
557 1979 689 2082 quibas
715 1981 891 2056 accedunt
919 1983 1110 2083 pericopae
1142 1982 1318 2055 librorum
1348 1982 1494 2082 antiqui

261 2105 264 2116 '
339 2096 514 2171 Foederis
538 2098 580 2170 in
605 2098 706 2173 libris
723 2099 918 2200 liturgicis
938 2099 1087 2191 obuiae3
1104 2099 1281 2174 versionis
1300 2098 1493 2174 Sahi'dicae

341 2213 416 2287 sola
442 2213 614 2289 hahemus
638 2219 859 2314 Fragmenta
876 2217 971 2291 Nori
991 2219 1239 2292 Testamentia
1260 2219 1344 2291 Car.
1361 2217 1493 2318 Godcf

343 2333 474 2406 Waide
498 2332 649 2434 vulgata.
675 2335 819 2409 Interea
845 2351 1034 2436 postquam
1059 2335 1180 2407 critici
1204 2337 1493 2435 viricoepe'rant

341 2447 481 2524 codices
506 2476 656 2552 graecos
677 2451 867 2554 utriusque
889 2451 1239 2526 Foedcris'dividere
1258 2454 1296 2526 in
1320 2452 1472 2526 familias
1478 2491 1493 2545 ,-
1601 2515 1602 2542 1

341 2564 563 2668 disputatum
588 2585 645 2642 est
660 2568 705 2642 de
722 2569 944 2671 praestantia
961 2569 1113 2644 familiae
1130 2569 1410 2662 Alexandrinae,
1427 2594 1493 2643 seu

340 2685 536 2788 Aegyptiae
553 2716 563 2782 3
590 2685 848 2761 Griesbachius
874 2686 1159 2762 Alexandrinum
1176 2703 1314 2762 textum
1331 2687 1494 2789 praefert

340 2801 761 2905 Constantinopolitano,
799 2803 982 2879 Scholaius
1013 2830 1034 2877 e
1065 2806 1247 2881 contrario
1286 2805 1490 2908 posthabet.

381 3201 422 3272 (l)
438 3205 546 3257 Praeter
561 3205 715 3260 Paalterimn
732 3207 1000 3278 Coptica-Arabicum
1016 3223 1033 3259 a
1049 3207 1132 3259 'l'alio
1155 3206 1255 3260 editum
1278 3209 1377 3260 Rornae
1398 3205 1479 3268 1⁷44,

346 3287 497 3356 nuperrime
512 3285 627 3342 Berolini
643 3290 729 3343 lacem
747 3292 815 3343 vidit
830 3292 987 3344 statatum
1004 3289 1116 3360 Coptica.
1138 3291 1185 3343 Aa
1207 3292 1321 3344 codicum
1338 3289 1417 3361 fidem
1437 3303 1483 3342 ra·

347 3373 460 3438 censuit,
477 3373 776 3441 lacaedemonem,
795 3387 822 3429 et
833 3377 947 3450 psalmos
962 3376 1122 3446 apocryphos
1142 3375 1265 3428 Salaidica
1287 3374 1397 3428 dialecto
1418 3390 1481 3425 aaa·

347 3456 471 3523 scriptos,
488 3474 518 3508 ac
530 3457 645 3525 primm
660 3477 677 3508 o
689 3460 795 3510 Waidia
806 3461 886 3524 editor
897 3460 990 3511 adiecit
999 3459 1050 3511 lat.
1062 3459 1155 3516 ludeo.
1166 3459 1252 3510 Idalar
1265 3457 1336 3510 tuot.
1350 3455 1390 3508 8.ο
1403 3455 1484 3509 Liber

346 3537 473 3591 editorem
489 3539 577 3609 prodit
592 3540 716 3610 Copticae
734 3543 840 3612 linguae
856 3544 986 3613 peritura,
1005 3559 1054 3595 nec
1071 3559 1125 3596 non
1142 3548 1304 3596 accuratum.

379 3621 421 3693 (t)
431 3625 576 3694 Prophetae
586 3624 700 3682 minores
711 3627 779 3678 hand
790 3627 827 3682 ita
839 3627 941 3696 pridem
950 3627 1063 3680 bandini
1075 3627 1231 3697 prodierant
1240 3627 1274 3679 ad
1286 3625 1363 3680 fidem
1376 3623 1484 3678 Codicis

345 3707 472 3774 Parisini,
488 3715 597 3760 curante
615 3710 728 3762 henrico
745 3714 856 3764 Tattam.
871 3715 971 3765 Textas
988 3719 1029 3764 sat
1040 3717 1081 3764 est
1093 3718 1249 3777 accuratus;
1265 3716 1292 3762 at
1303 3709 1389 3764 versio
1401 3709 1481 3761 latina

346 3791 378 3842 iis
394 3791 544 3860 sphalmatis
560 3800 661 3859 scatet,
678 3811 744 3871 quae
762 3813 865 3847 omnem
883 3797 961 3848 iidem
977 3803 1112 3866 superant.
1129 3799 1160 3848 ln
1176 3796 1217 3848 his
1228 3795 1422 3864 relinquerunt,
1441 3797 1482 3845 in-

346 3875 438 3942 prede,
455 3877 549 3942 alexit,
567 3879 651 3930 domos
663 3879 802 3948 pulchros,
819 3881 891 3932 ὼιηο
907 3897 977 3946 meo,
996 3883 1086 3932 &mus
1100 3883 1161 3946 mei,
1173 3881 1282 3948 repoliri
1292 3879 1356 3947 (pro
1367 3878 1482 3948 repuli),

343 3957 439 4027 fiatur,
456 3962 630 4028 intravissent,
644 3961 838 4034 proficisceret²
853 3967 946 4018 salutis
964 3967 1029 4028 mei,
1047 3967 1109 4019 vitis
1126 3963 1221 4030 donus,
1239 3964 1380 4033 rapueris,
1395 3961 1484 4033 facet,

344 4044 530 4112 inpaediretur,
547 4049 653 4116 aupeuit
670 4046 734 4117 (pro
751 4049 862 4118 aucit),
874 4051 994 4118 parient,
1020 4051 1166 4117 suscipere,
1191 4047 1395 4117 corasunderunt,
1417 4064 1478 4098 our·

346 4138 455 4193 rerunt,
471 4129 591 4181 resistent
609 4149 681 4197 eum,
697 4131 730 4183 ad
746 4133 816 4190 haec,
832 4133 960 4201 particula
984 4143 1068 4184 autem
1092 4133 1197 4194 inchoat
1214 4130 1371 4200 periodum,
1388 4130 1430 4182 rel
1447 4126 1485 4182 ita

345 4210 489 4264 collocatur
504 4215 532 4266 ia
548 4225 635 4272 autem
649 4233 732 4282 uam
749 4215 859 4268 verbum
874 4229 912 4268 est
935 4233 997 4268 eum
1027 4217 1176 4270 accusativo
1194 4216 1310 4284 iungitur
1327 4233 1377 4267 aon
1390 4213 1490 4284 samem

340 4297 419 4364 panis
435 4306 491 4362 est,
506 4315 585 4367 aeque
599 4297 693 4368 samem
710 4318 790 4371 aquae
808 4311 862 4366 σείς
881 4301 1045 4369 reciprocum
1068 4318 1093 4352 se
1117 4317 1177 4352 cam
1201 4299 1353 4368 pronomine
1372 4317 1422 4364 eo,
1447 4301 1485 4349 eis

343 4379 439 4447 passim
456 4380 631 4433 contunditur.
650 4383 717 4436 ltine
733 4383 810 4437 facile
820 4384 943 4454 augurari
955 4385 1019 4438 lieet
1030 4385 1135 4438 laedam
1148 4383 1310 4448 baroniam,
1327 4400 1380 4452 qna
1390 4389 1485 4435 cetera

343 4463 422 4516 huius
435 4464 563 4518 vernonis
578 4465 698 4520 latinitas
713 4475 810 4521 scatet.
