3244 5250
365 511 412 560 xx

363 601 482 705 prima
507 605 736 697 sinceritate,
759 603 969 678 Basmnric'a
984 627 1073 680 reru
1092 619 1147 680 cst
1162 603 1299 680 idioma
1317 594 1411 678 male
1430 625 1513 682 cou-

363 720 490 796 llatum
505 749 557 797 ex
585 713 821 823 Memphitica
851 737 889 795 et
916 721 1112 796 Thebana.-
1129 723 1251 816 Quare
1283 745 1368 796 cum
1397 707 1510 797 ceteri

361 837 535 942 philologi
563 839 751 942 hucusque
781 839 1038 913 constituerint
1066 835 1344 942 Memphiticum
1379 835 1512 914 idioma

361 957 476 1030 veluti
495 971 701 1032 ceterorum
717 954 990 1030 fitudamentum
998 1014 1010 1051 ,
1028 956 1196 1058 equidem
1212 958 1253 1030 in
1269 955 1512 1032 Grammatico

363 1074 566 1176 principem
583 1074 700 1147 locum
720 1071 803 1147 dedi
819 1071 1001 1148 Thebano.
1018 1075 1220 1166 Quaenam
1233 1074 1283 1146 ita
1297 1076 1387 1170 sint,
1399 1073 1515 1146 miror

363 1189 409 1263 ab
434 1191 634 1292 Europaeis
658 1188 848 1292 philologis
872 1189 1157 1294 frequentiorem
1189 1193 1337 1295 optram
1360 1191 1451 1291 poni
1473 1191 1511 1264 in

362 1308 518 1383 textibus
541 1306 792 1411 Memphiticis
817 1307 992 1404 edendis,
1016 1333 1126 1412 quam
1159 1309 1199 1381 in
1228 1305 1426 1403 Subidicis3
1461 1308 1511 1381 ita

362 1426 578 1528 Psalterium
601 1423 736 1500 Ideleri
747 1481 761 1520 ,
786 1442 824 1500 et
846 1423 1053 1528 Prophetae
1076 1427 1235 1500 minores
1251 1425 1414 1500 Tattami'
1430 1439 1511 1498 sunt

360 1542 594 1646 Memphitica
618 1568 728 1616 merx.
754 1545 829 1617 Cur
854 1568 940 1618 vero
965 1545 1195 1620 oxonienses
1216 1542 1321 1646 nobis
1344 1540 1511 1618 inrident

360 1687 447 1735 suos
470 1660 661 1736 Thebanos
686 1657 858 1734 codices?
882 1687 948 1736 cnr
972 1657 1160 1736 Sabidicae
1177 1659 1410 1736 membranae
1428 1657 1510 1734 Col·

343 1779 442 1879 legii
466 1777 722 1880 Propagandae
739 1777 872 1852 diutius
888 1775 1132 1853 delitescuntl
1151 1775 1189 1851 si
1206 1791 1382 1879 utraeque
1401 1775 1509 1851 simul

360 1909 688 1998 componerentur,
713 1922 788 1970 non
807 1894 923 1970 solum
939 1893 1154 1970 haberemus
1171 1897 1352 1996 integrum
1370 1894 1509 1969 Novum

361 2015 631 2088 Testamentum
650 2012 856 2088 Sabidicum
873 2041 955 2088 cum
975 2013 1218 2108 variantibus,
1235 2011 1299 2088 sed
1314 2011 1509 2097 nonnullos

360 2129 491 2223 libros,
514 2157 557 2203 ac
582 2131 715 2205 multas
737 2123 929 2235 pericopas
952 2131 1096 2234 antiqui
1119 2129 1313 2224 Foederis3
1339 2129 1425 2204 binc
1445 2129 1508 2203 Ae·

360 2249 486 2352 gyptia
508 2246 642 2322 familia
664 2265 786 2350 posset
822 2249 1034 2346 aestimari,
1070 2230 1113 2322 et⁸
1142 2249 1288 2349 linguae
1315 2246 1509 2352 ⁴pomoeria

361 2364 630 2466 ampliarentur.
656 2365 765 2460 Quod
783 2369 814 2442 si
831 2365 1005 2469 philologi
1021 2365 1103 2440 ideo
1119 2364 1378 2466 Memphiticus
1392 2379 1510 2438 textus

360 2481 590 2577 anteferunt,
616 2487 699 2586 quia
723 2509 766 2558 ex
788 2486 1104 2586 grammaticarum
1124 2481 1247 2558 studio
1264 2483 1378 2584 magis
1391 2501 1507 2556 assue-

359 2616 490 2674 rerunt
518 2598 607 2675 huic
637 2601 817 2694 dialecto,
847 2627 922 2676 non
953 2600 1108 2696 dubito,
1135 2602 1225 2702 quin
1261 2601 1302 2673 in
1334 2597 1508 2674 Thebana

357 2719 651 2793 exercitatissimi
677 2721 750 2794 sint
766 2721 932 2813 evasuri,
950 2720 1036 2796 siin
1054 2713 1283 2819 grammatica
1299 2715 1359 2804 m'e
1379 2715 1509 2790 ducem

358 2853 566 2936 sequentur.
592 2837 659 2911 Est
683 2838 793 2911 etiam
817 2837 968 2911 Taurini
993 2833 1148 2910 biblicus
1174 2833 1284 2909 codex
1302 2831 1509 2924 detanuS,

240 3007 241 3012 ,
359 2977 469 3052 quem
493 2953 566 3026 iam
591 2953 809 3050 edidissem,
834 2955 866 3028 si
890 2980 960 3056 ope
985 2953 1243 3030 oxoniensium
1262 2950 1467 3052 potuissem
1490 2976 1510 3022 a

358 3067 497 3144 lacunis
522 3071 702 3168 liberare,
729 3098 839 3175 qnam
865 3095 967 3174 spem
992 3070 1168 3146 nondum·
1182 3069 1309 3144 abieci.
1417 3141 1422 3148 .

407 3185 566 3288 Exposui
591 3214 686 3290 qnae
711 3191 901 3292 praestiti,
926 3203 1038 3291 atque
1062 3188 1108 3268 ab
1134 3186 1212 3264 aliis
1237 3184 1418 3288 praestari
1439 3183 1510 3260 rel·

356 3304 428 3378 lem
442 3331 454 3398 3
480 3320 673 3406 superest,
698 3322 742 3380 ut
765 3333 835 3382 nec
860 3332 917 3380 me
943 3307 1103 3408 suscepti
1132 3304 1267 3380 laboris
1296 3302 1508 3406 poeniteat,

356 3449 400 3496 ac
423 3424 539 3496 ceteri
564 3421 806 3500 conditionem
832 3424 1022 3528 acominat-
1140 3473 1142 3480 ι
