3244 5250
337 413 384 462 ao

338 525 409 580 tur.
430 509 478 580 At
495 529 579 581 cum
596 506 730 580 multae
750 505 891 582 radices
912 508 1109 611 primariae
1126 507 1332 612 antiquatae
1346 506 1511 607 fuerme,

335 625 514 727 bisyllaba
525 651 652 698 earum
662 625 821 699 derivata
833 627 1041 701 necessario
1054 626 1373 702 admittendasunt
1381 629 1509 704 veluti

336 745 509 843 primaria
521 747 560 816 in
573 769 617 818 eo
630 745 773 837 Lexico,
788 744 887 845 quod
903 769 976 818 non
990 742 1256 846 philologorum
1270 745 1509 822 coniecturas
1599 843 1600 848 ἵ

336 860 495 954 referat,
521 861 585 936 sed
611 863 790 935 sinceram
816 861 964 962 linguae
986 861 1257 956 conditionem,
1290 864 1508 940 cuiusmodi

335 980 381 1053 ad
406 1005 474 1054 nos
494 981 673 1081 pervenit.
693 980 789 1053 Hinc
809 996 894 1051 sunt
913 1005 1047 1072 Quane
1063 986 1215 1074 mirari,
1228 987 1326 1060 uate
1345 1005 1506 1082 tangere,

334 1085 436 1174 mooe
450 1103 591 1199 rumpi,
607 1121 742 1188 poorgq
758 1121 895 1171 curare
912 1113 981 1170 etc.
1001 1096 1059 1171 Ad
1076 1097 1164 1173 haec
1182 1099 1387 1202 trisyllaba,
1401 1126 1505 1201 quae
1599 1125 1600 1204 j

333 1236 455 1290 tamen
479 1243 559 1289 rara
585 1230 695 1309 sunt,
722 1225 764 1288 a'e
789 1214 1010 1316 plerumque
1027 1215 1180 1292 vocibus
1198 1217 1256 1292 vel
1275 1220 1501 1320 peregrinis,

248 1403 257 1414 ,
332 1334 390 1409 vel
415 1334 625 1436 compositis
653 1333 785 1406 merito
811 1343 1061 1407 accensentur.
1599 1317 1600 1342 ¹

380 1454 497 1527 Porro
522 1450 662 1524 radices
688 1475 732 1524 ex
757 1450 925 1525 consonis
946 1467 993 1523 et
988 1448 1185 1526 vocalibus
1204 1465 1389 1548 constant3
1411 1451 1500 1528 illae

331 1570 376 1644 ad
391 1570 524 1644 radicis
539 1569 798 1643 substantiam
789 1582 853 1640 tta
858 1568 1067 1669 pertinent,
1084 1585 1127 1641 ut
1143 1570 1279 1642 mutari
1291 1587 1498 1672 nequeant;

331 1711 374 1761 ex
397 1687 582 1762 vocalibus
599 1685 691 1760 aliae
709 1703 795 1760 sunt
806 1684 980 1760 radicales
990 1742 1002 1778 ,
1016 1686 1106 1759 aliae
1125 1685 1383 1762 indifferentes.
1400 1689 1497 1764 Sane

328 1811 367 1879 in
392 1805 575 1879 radicibus
600 1828 649 1880 cc
668 1803 828 1907 pulcher
853 1827 948 1896 esse,
974 1830 1017 1879 ce
1043 1803 1185 1896 bibere,
1210 1830 1247 1878 ct
1272 1811 1408 1879 satiare
1430 1833 1493 1899 se,

329 1950 376 1999 co
400 1950 472 1998 sex
497 1923 639 1998 vocales
665 1945 744 1997 esse
770 1921 907 1995 debent
931 1919 1130 2017 radiculos,
1155 1924 1226 1997 nisi
1253 1924 1376 1996 omnia
1400 1951 1490 1998 con·

327 2039 481 2118 scindere
506 2041 671 2116 velimus.
700 2042 840 2114 Tamen
853 2065 908 2112 ex
932 2062 982 2114 ca
997 2039 1125 2113 :noritur
1150 2067 1244 2116 nece
1268 2056 1308 2114 et
1338 2065 1492 2139 enectus}

322 2158 499 2261 paludem
526 2174 672 2263 praeter
695 2184 739 2232 ce
765 2157 887 2230 biber-e
907 2151 1080 2232 scribitur
1095 2159 1204 2232 etiam
1221 2175 1297 2252 cute
1316 2185 1390 2232 non
1409 2174 1492 2232 tan·

329 2272 406 2351 tum
431 2304 494 2370 ct,
519 2275 717 2352 sedetiam
744 2301 801 2350 cer
827 2279 963 2362 satiare
988 2299 1026 2348 se
1054 2277 1234 2377 scriptum
1259 2275 1418 2378 legitur,
1449 2293 1490 2351 et

326 2396 468 2496 passive
485 2421 560 2472 car
579 2398 735 2487 satiari3
759 2419 891 2494 nempe
909 2391 1051 2468 vocales
1069 2393 1252 2468 radicalesv
1267 2392 1488 2498 quandoque

324 2529 521 2589 mutantur.
531 2516 637 2587 Anne
647 2511 833 2587 veteribus
850 2513 1036 2614 Aegyptiis
1051 2525 1154 2585 erant
1163 2511 1306 2585 litterae
1320 2511 1486 2587 infirmae

324 2640 428 2724 dms,
458 2634 509 2706 ita
533 2645 576 2704 ut
601 2628 729 2702 allatae
753 2627 895 2702 radices
920 2631 972 2702 ita
997 2628 1141 2729 concipi
1164 2628 1308 2730 possint
1323 2630 1483 2732 scriptae

324 2757 379 2822 tto
391 2798 404 2842 ,
429 2757 506 2842 tto,
535 2755 595 2837 Ὅ,
615 2755 679 2838 tv,
701 2771 796 2848 quae
821 2734 945 2819 varias'
964 2744 1199 2820 admitterent
1225 2745 1392 2840 vocales,
1428 2746 1485 2820 vel

322 2867 531 2941 litterarum
556 2857 783 2939 infirmarum
815 2863 1125 2964 permutationeS,
1159 2865 1214 2935 uti
1239 2864 1278 2934 in
1302 2864 1484 2939 Semitieis

323 2977 512 3058 dialectis?
540 2984 791 3058 Coniecturam
810 2981 1028 3074 enunciari,
1049 2981 1151 3054 cuius
1167 2981 1481 3055 veritasaestima-
1501 3033 1507 3042 -

323 3102 425 3175 bitur
450 3099 596 3203 quando
620 3096 1279 3202 hieroglyphicum·systemacliquido
1298 3100 1482 3200 cognitum

323 3221 382 3295 sit.
410 3218 506 3313 Sed,
532 3243 753 3320 quamquam
777 3241 836 3291 res
862 3218 912 3289 ita
938 3241 976 3289 se
995 3214 1146 3309 babeat,
1166 3231 1222 3289 tot
1242 3215 1408 3289 diversae
1426 3245 1481 3290 ra-

322 3337 422 3414 dices
448 3350 535 3412 sunt
559 3334 802 3409 admittendae
817 3393 828 3430 ,
843 3348 935 3436 quot
953 3332 1108 3408 diversas
1126 3332 1407 3434 significationes
1426 3337 1479 3410 in·

321 3458 400 3531 duit
425 3477 540 3530 unum
563 3451 734 3553 idemque
751 3450 1053 3556 monosyllabum.
1067 3452 1194 3542 ltagu
1209 3451 1278 3526 sub
1294 3493 1345 3508 -
1362 3459 1481 3528 uenti·

320 3576 465 3650 labrum
487 3583 540 3632 ²-
563 3578 715 3666 lieium·,
742 3593 792 3662 ge
816 3572 950 3645 cadere
974 3613 1025 3626 -
1049 3571 1204 3660 naemu,
1230 3595 1286 3661 gn
1286 3569 1415 3671 facies
1430 3613 1478 3630 -

320 3709 472 3785 uterus,
499 3715 541 3784 gs
554 3697 607 3764 :in
632 3696 835 3780 artacem,
853 3714 912 3778 gu
927 3687 1096 3795 sufficere
1114 3731 1162 3756 η-
1176 3693 1302 3779 eu'am,
1315 3687 1477 3766 diversae

318 3826 404 3884 sunt
427 3810 594 3899 radices9
610 3807 709 3909 quia
729 3805 888 3884 diversas
912 3805 1049 3883 babent
1074 3807 1290 3881 notationes.

368 3921 531 4022 Quodsi
555 3926 698 4001 vocales
721 3923 1099 4004 radicalesslluctuant
1116 3924 1325 4014 instabiles,
1344 3925 1477 4026 potiori

315 4049 396 4119 iure
421 4061 610 4120 mutantur
635 4043 900 4118 indifferentes.¹
927 4043 1104 4138 Radices,
1129 4069 1241 4144 quae
1258 4067 1300 4118 ex
1333 4040 1475 4119 duabus

274 4185 277 4192 ’
316 4165 382 4236 vel
400 4163 517 4236 tribus
535 4165 709 4236 consonis.
717 4161 945 4251 coalescunt,
958 4160 1124 4263 equidem
1142 4161 1298 4234 coniicio
1315 4161 1479 4262 antiquis

315 4280 541 4382 temporibus
559 4279 678 4354 elatas
703 4279 822 4354 fuisse
839 4305 924 4352 cum
948 4306 970 4352 e
996 4295 1118 4373 muta,
1144 4283 1200 4352 uti
1225 4264 1476 4373 uldra-bsc'p,

313 4401 403 4474 etin
429 4399 531 4494 sceb,
556 4397 664 4490 etet,
690 4425 766 4489 ser,
785 4424 905 4489 smeu,
926 4400 1030 4472 cuius
1048 4401 1249 4500 scripturae
1267 4419 1342 4474 non
1360 4423 1477 4498 pauca
