3244 5250
315 470 344 522 r
413 504 415 509 .

310 564 489 638 diversum
503 559 918 644 sermonemzltnimv'ero
932 547 1249 666 ite'suii'erttitiosis
1260 561 1456 671 Aegyptiae

308 683 504 783 impietatis
531 681 640 782 signis
666 707 756 754 nova
781 677 913 754 Christi
937 681 1026 756 scita
1042 679 1245 778 foedarent,
1261 699 1458 785 potuerunt

309 799 455 901 quidem
480 797 710 900 alphabetum
736 800 891 872 mutuari
916 823 960 872 ex
986 823 1028 872 ea
1051 800 1218 893 natione,
1245 825 1338 903 quae
1358 802 1453 903 ipsos

308 915 540 1018 Evangelium
565 915 707 1008 docuit,
726 935 805 989 tum
821 914 961 1016 aliquot
979 915 1152 989 vocabula
1168 919 1341 1018 probare,
1360 945 1453 1020 quae

308 1059 420 1108 novas
445 1031 667 1109 Christianae
692 1032 877 1136 religionis
892 1029 999 1107 ideas
1024 1035 1279 1134 exprimerent3
1305 1034 1370 1110 sed
1386 1035 1457 1109 lin·

308 1177 416 1252 guam
441 1152 587 1224 omnino
612 1153 806 1224 immutare
830 1148 869 1222 id
893 1176 1003 1251 supra
1032 1149 1140 1225 fidem
1165 1177 1207 1224 ac
1239 1178 1361 1238 mores¹
1385 1152 1457 1227 bu·

309 1293 433 1368 manos
459 1285 522 1344 est
549 1266 655 1361 Quod
680 1268 711 1343 si
736 1283 961 1362 mutassent,
986 1267 1116 1370 utique
1142 1293 1226 1343 curn
1251 1295 1379 1371 graeco
1403 1270 1454 1344 al·

265 1475 269 1486 ἱ
308 1386 466 1488 phabeto
491 1411 657 1487 graecam
678 1387 785 1460 etiam
801 1387 960 1488 linguam
978 1385 1217 1486 probassent3
1235 1413 1310 1462 non
1328 1387 1458 1489 proba·

306 1519 396 1578 runt
408 1559 420 1598 ,
446 1529 531 1606 ergo
556 1507 705 1606 antiquo
730 1529 947 1605 proavorum
971 1501 1136 1576 idiomati
1160 1527 1308 1606 semper
1323 1501 1455 1580 adbae-

310 1635 447 1696 serunt.
468 1681 471 1686 .

358 1738 455 1812 Huic
481 1734 686 1838 cognationi
712 1760 795 1810 cum
820 1736 997 1838 Aegyptio
1021 1761 1186 1811 sermone
1214 1739 1384 1812 uniuersa
1402 1740 1457 1814 ni·

308 1855 397 1927 titur
421 1853 685 1928 commendatio
709 1850 819 1926 studii
849 1855 1020 1956 Copticae
1048 1842 1211 1954 linguaej
1239 1852 1458 1940 confidimns

235 2060 237 2066 .
307 1972 405 2046 enim
429 1969 525 2066 fore,
554 1985 596 2044 ut
624 1995 665 2044 ex
695 1971 898 2073 cognitione
928 1973 1144 2045 recentioris
1172 1973 1348 2054 sermonis
1373 1987 1456 2046 tan-

309 2088 392 2162 dem
408 2087 603 2190 aliquando
631 2108 855 2191 assurgamus
880 2087 927 2162 ad
954 2104 1113 2164 veterem
1142 2089 1360 2192 Aegyptium
1390 2087 1457 2164 de·
1576 2173 1580 2178 ,

308 2203 511 2306 tegendum.
538 2204 610 2306 Sed
634 2203 837 2313 linguarum
863 2207 1013 2280 affinitas
1039 2206 1226 2282 exintima
1247 2207 1456 2309 grammati·

308 2313 434 2398 carum
463 2319 606 2415 indole,
638 2348 678 2397 ac
708 2323 966 2398 vocabulorum
995 2323 1195 2425 originibus
1228 2312 1458 2400 diiudicanda

237 2544 242 2551 ι
307 2455 391 2536 est,
413 2441 492 2522 ,non
514 2455 601 2515 reto
627 2464 670 2514 ex
694 2441 843 2515 minutis
871 2442 1059 2514 nominum
1083 2441 1351 2545 verborunque
1380 2441 1456 2541 for·

272 2581 277 2594 ‘
308 2555 408 2652 ἰιιὶε,ἶ
428 2551 493 2632 aut
516 2555 788 2669 accidentibus,
818 2583 913 2664 quae
943 2559 1050 2659 longa
1080 2557 1158 2638 (litt
1188 2577 1322 2634 novam
1353 2560 1457 2644 solut.

304 2677 430 2772 Quare
455 2701 504 2752 eo¹
523 2685 694 2780 spectans
719 2673 886 2778 equidem
910 2675 1104 2780 Coptioum
1119 2679 1280 2752 Lexicon
1300 2675 1458 2751 conden-

304 2792 396 2869 'tlum
420 2819 506 2872 esse
524 2795 649 2888 censui
673 2790 719 2868 atl
739 2790 909 2898 ¹ordinem
925 2793 1216 2896 etymologicum
1234 2809 1317 2870 tum
1331 2790 1458 2870 eudem

305 2915 351 2990 itt
373 2913 553 2986 sententia
577 2927 744 3013 perstans
764 2912 1045 2986 Grammaticam
1064 2937 1196 2988 censeo
1213 2915 1263 2986 ita
1280 2935 1359 2988 esse
1375 2937 1460 2986 oon·

304 3027 551 3122 aimundum,
572 3045 618 3102 nt
641 3031 810 3132 intimum
836 3029 1020 3104 idiomatis
1046 3021 1235 3130 ingenium
1262 3030 1302 3104 in
1331 3027 1458 3132 aperto

308 3161 474 3254 ponatur.
500 3147 694 3249 Aucupent
718 3147 778 3220 alii
802 3149 970 3222 minimas
994 3171 1158 3250 quasque
1176 3148 1378 3249 scripturae
1394 3165 1458 3221 va·-

304 3265 463 3340 ri'etates
474 3318 487 3356 ,
499 3252 617 3366 ‘atque
641 3267 860 3360 anomaliae,
886 3290 974 3368 quas
990 3266 1046 3342 vel
1064 3265 1337 3340 amanuensium
1356 3265 1459 3367 igno·

255 3371 258 3376 ’
309 3379 451 3477 tantia,
475 3376 537 3457 iel
559 3384 705 3485 sequior
729 3402 826 3458 aetas
856 3383 1015 3478 inaexit3
1047 3385 1120 3458 sint
1149 3382 1203 3456 illi
1232 3381 1457 3474 benissent,

308 3516 378 3602 per
401 3503 462 3574 rne'
488 3501 584 3574 enim
610 3499 698 3574 licet
709 3557 722 3597 ,
738 3502 778 3575 si
801 3527 895 3576 nova
918 3499 1078 3578 derivata
1102 3499 1331 3593 invenerint,
1350 3500 1382 3574 si
1396 3500 1458 3572 iu·

308 3615 626 3694 'visitatasuocum
647 3616 791 3692 formas
807 3621 846 3693 in
869 3619 1068 3694 recentiore
1093 3618 1214 3720 aliquo
1229 3631 1278 3692 *ut
1294 3633 1336 3692 ut
1353 3635 1457 3690 men'·

310 3733 398 3810 dost
422 3733 779 3812 codice··detexerint
791 3791 803 3828 ‚
832 3739 871 3810 in
904 3737 1023 3838 iisque
1055 3732 1262 3838 colligendis
1298 3733 1473 3809 nominis·

309 3851 619 3928 immortalitatem
631 3853 702 3930 sibi
723 3852 918 3956 acquirere
928 3851 1170 3930 blandiantur.
1189 3855 1266 3962 Ego
1274 3867 1369 3925 'aero
1387 3850 1457 3924 boc

307 3973 463 4046 minime
488 3973 675 4075 negotium
699 3969 789 4044 mibi
812 3973 1048 4072 grammatico
1073 3971 1198 4044 datum
1222 3994 1303 4044 esse
1320 3967 1456 4058 censui,

310 4091 354 4162 tit
383 4090 648 4190 penitissimum
668 4088 817 4190 ’linguae
833 4092 1139 4164 ‘constitutionem
1171 4115 1212 4162 ao
1246 4105 1458 4188 germanum

309 4203 471 4280 habitum
495 4215 723 4310 relegerem,
750 4207 886 4282 scilicet
905 4223 1122 4309 exponerem
1139 4205 1323 4280 (leoninas
1339 4199 1458 4276 adbuc

310 4338 495 4418 retrusas,
520 4322 617 4428 quod
641 4317 844 4400 luculenter
867 4325 1005 4432 patebit
1029 4309 1075 4404 aa
1097 4325 1306 4404 mactatione
1323 4323 1466 4400 Grum·--
1553 4399 1556 4406 .

310 4444 523 4526 urticarum
548 4439 736 4548 bucusque
762 4441 962 4520 editarum
