3228 5248
161 537 435 629 rotareqmelu
459 537 557 604 aetio
582 537 656 633 quo
682 532 741 605 ille
766 507 997 631 (Cluu'stus)
1023 439 1273 632 repromisi?-

109 656 228 744 ravis,
255 657 330 725 eius
354 648 628 747 trausstguratio
642 647 741 722 ibid.
767 649 866 750 apud
890 651 1034 724 Tattam
1063 651 1146 753 775.
1164 652 1272 743 Quod

110 769 200 842 satis
230 767 452 842 demonstrat
477 766 699 844 Thebaicum
725 766 985 842 dialectumsin
1003 770 1182 867 Mysterio
1200 771 1274 846 Lu·

108 903 276 962 terarum
301 884 403 963 ualde
429 910 508 960 esse
536 902 782 987 corruptam.⁴

133 1029 135 1034 ·
161 1004 261 1078 Hinc
287 1019 391 1106 patet
414 1001 598 1105 duplicem
626 1024 705 1078 esse
732 1025 837 1078 usum
863 1003 1061 1104 particulae
1087 1027 1168 1079 arn.
1184 1006 1273 1080 Nam

110 1122 170 1196 vel
196 1125 351 1198 uomina
372 1121 602 1228 substantiva
625 1122 778 1196 actionis
804 1121 958 1215 formae:
990 1123 1053 1196 rel
1082 1138 1137 1196 est
1161 1127 1273 1226 parti-

110 1239 195 1312 cula
224 1241 375 1314 actionis
388 1295 399 1331 ‚
427 1265 522 1343 quaa
548 1240 651 1314 inter
673 1239 880 1314 articulum·
900 1267 927 1312 n
958 1241 1131 1314 inseritur
1164 1257 1276 1344 atque

111 1355 313 1432 infinitum.
341 1361 461 1451 Quare
487 1380 724 1433 untncorress
748 1355 1027 1458 Memphiticum
1052 1381 1130 1432 esse
1156 1375 1278 1459 potest

110 1475 173 1548 rel
199 1503 334 1552 nomen
347 1530 359 1569 ,
384 1475 443 1550 rel
468 1473 670 1578 infinitum3
697 1473 765 1548 hoc
793 1501 877 1550 vero
903 1475 1121 1578 intelligitur
1147 1493 1210 1549 aut
1235 1503 1277 1550 ex

111 1596 416 1689 constructione,
442 1610 505 1668 aut
530 1621 574 1670 ex
600 1595 723 1668 allisis.
755 1595 798 1668 In
832 1617 1006 1688 ursinum
1038 1593 1112 1668 tire
1144 1600 1277 1695 nuper

113 1713 216 1814 Psol.
231 1737 360 1788 xxxva.
381 1741 421 1814 17
436 1713 617 1814 genitivus
632 1713 752 1786 innuit
770 1710 984 1786 vertendum
998 1736 1075 1786 esse
1089 1720 1279 1786 commotio

109 1830 251 1927 pedum
270 1855 442 1905 meorum.
461 1832 506 1904 In
524 1853 694 1921 nnrnnep
713 1855 935 1905 saussaium
952 1835 1044 1907 esua
1061 1833 1172 1906 Levit.
1187 1857 1277 1905 xxvr.
1299 1845 1302 1852 “

115 1947 166 2039 44
193 1949 420 2024 aecusativus
446 1964 571 2022 monet
594 1946 832 2022 reddendum·
848 1971 926 2023 esse
952 1945 989 2020 ro*
1009 1949 1215 2050 disperdere
1230 1963 1279 2022 te·

114 2079 335 2142 strumentum
359 2093 486 2142 memma
513 2066 553 2141 Si
576 2067 678 2140 affixa
704 2091 805 2141 more
825 2069 1014 2140 nominum
1034 2079 1281 2159 assumuntur,

115 2184 171 2255 uti
197 2207 473 2280 neumas-:porto
499 2187 707 2286 Luo.11.47
731 2184 806 2256 erit
822 2209 955 2258 nomen
977 2190 1162 2286 responsio
1181 2189 1277 2278 eius3

117 2301 148 2373 si
172 2301 512 2403 morelverhorum‚
537 2325 730 2378 narnuocr
747 2299 952 2404 slsepelt’re
972 2326 1028 2376 me
1053 2299 1179 2376 Mart.
1195 2328 1278 2376 xxvr

116 2445 186 2511 uu,
215 2417 288 2492 erit
312 2415 476 2494 ue'rb'um.
502 2419 587 2494 Nou
611 2446 695 2494 raro
720 2437 845 2492 tamen
872 2419 1026 2513 desunt,
1044 2421 1103 2493 vel
1123 2419 1281 2518 ambigui

118 2553 206 2609 sunt
233 2517 479 2634 characteres,
506 2537 638 2636 quibus
665 2535 825 2632 iudices,
844 2553 968 2612 utrum
987 2537 1163 2612 eiusmodi
1182 2562 1280 2638 comf

117 2655 238 2752 posita
263 2653 336 2728 sint
352 2655 534 2746 uomina,
561 2681 610 2727 an
634 2655 753 2730 uerba

507 2929 509 2936 ·
552 2892 821 2990 'Partioipium

167 3122 295 3198 Verba
319 3123 379 3198 vel
404 3121 538 3197 habent
571 3123 757 3198 adiunctas
789 3122 1070 3225 praeformantes
1102 3151 1275 3227 persona·

119 3264 201 3314 rum
216 3296 229 3334 ‚
255 3240 312 3314 rel
341 3243 385 3316 iis
412 3253 549 3316 carent.

168 3359 209 3431 Si
236 3373 380 3453 carent,
399 3384 525 3432 eorum
541 3360 732 3462 participia
745 3357 949 3433 formantur
969 3385 1037 3463 ope
1053 3363 1278 3461 pronominis

118 3475 259 3550 relativi
286 3502 333 3551 ετ
358 3483 446 3578 qui,
471 3501 588 3578 quae,
615 3479 666 3550 ita
691 3504 801 3554 eume
826 3484 892 3582 qui
907 3483 1025 3573 amat,
1044 3505 1190 3573 amans,
1209 3507 1278 3556 ‘er-

118 3617 231 3686 ane
256 3601 322 3698 qui
344 3599 534 3697 loquitur,
553 3598 726 3697 loquens,
761 3595 853 3668 Cum
885 3621 972 3670 vero
1004 3622 1051 3671 ετ
1082 3593 1278 3698 utrumque

117 3736 233 3810 genus
260 3727 296 3786 et
321 3737 513 3787 numerum
533 3710 732 3815 designet,
758 3740 867 3788 erue
899 3728 1001 3787 notat
1030 3741 1157 3788 amous
1191 3721 1277 3808 ille,

116 3828 177 3902 vel
201 3833 290 3923 illo,
317 3845 356 3903 et
378 3841 538 3906 amantes·
564 3833 641 3924 illi,
667 3829 723 3905 vel
742 3836 848 3926 illue,
868 3830 967 3932 quod
987 3857 1027 3906 er
1044 3834 1202 3934 praefixo
1221 3861 1277 3908 ar-

117 3945 228 4020 ticulo
256 3946 490 4048 dignoscitur.
1216 3949 1218 3956 ’

166 4067 261 4140 Item
286 4079 371 4142 anta
397 4089 451 4140 nn
477 4065 803 4150 charaeteristicam
829 4066 967 4162 futuri,
1000 4069 1058 4141 Τ.’
1077 4091 1276 4144 cunerono

112 4187 326 4280 periturus,
353 4193 554 4260 neruosus
580 4210 708 4276 agorn
725 4189 930 4283 ingressuri
943 4242 954 4280 ,
973 4207 1198 4262 uernamce
1211 4215 1277 4285 pos

117 4305 254 4391 ritum,
272 4317 310 4376 et
329 4303 377 4374 M.
396 4327 603 4378 eenornun·
612 4309 816 4403 periwrus,
830 4309 1064 4396 resumpturus
1081 4319 1254 4379 mansura
1263 4337 1275 4397 ⁴,

117 4441 327 4512 utteeane
353 4427 418 4520 qui
443 4427 644 4520 ingressuri
669 4437 763 4494 sunt.

1258 4571 1274 4620 u
