3244 5250
1320 397 1343 472 5

186 507 285 582 tione
300 503 538 584 abhorrentes
553 504 722 584 Thebani
740 531 936 612 numquam
954 507 1021 584 bae
1037 509 1159 584 littera
1177 527 1342 588 utuntur.

199 651 202 658 ·
237 651 266 716 ρ,
289 625 488 727 respondet
512 627 691 738 elemento
710 634 736 698 n
757 626 1027 721 Hebraeorum,
1045 627 1105 702 vel
1122 627 1147 701 Ιι
1165 617 1342 730 aspirato}

182 766 298 846 quare
323 743 432 846 Copti
455 759 498 818 ut
523 747 728 848 exprimant
746 746 916 849 spiritum
932 770 1099 848 asperum
1117 739 1344 824 Graecorum

181 847 351 936 scribunt
375 867 552 959 εοιιλοιι,
577 887 675 956 gine
698 889 768 966 pro
795 861 892 939 ὅπλον
899 881 912 956 ,·
940 859 1005 938 ἵνα.
1286 847 1289 858 ’

234 999 261 1054 ιι
285 981 552 1082 pronunciatur
574 983 628 1057 uti
649 1007 680 1082 g
704 980 836 1076 dulce,
862 981 966 1084 qnasi
989 987 1005 1054 ι’
1028 970 1226 1058 interiecto
1245 985 1343 1060 inter

181 1118 217 1171 ιι
236 1112 272 1171 et
296 1097 460 1174 vocalem
485 1114 725 1204 sequentem,
752 1115 795 1175 ut
817 1101 866 1175 sit
888 1123 943 1175 ne
963 1103 1053 1200 gia',
1077 1124 1127 1176 aa
1148 1108 1223 1200 gie.
1254 1089 1342 1176 Per·

181 1231 528 1312 murmuremus,
554 1243 590 1310 x
602 1277 615 1315 ,
640 1234 679 1294 et
703 1217 932 1295 sibilantibus
956 1243 1002 1314 c,
1027 1245 1082 1313 tu,
1107 1211 1191 1294 vide
1216 1247 1340 1296 mcum

180 1333 346 1409 Lexicon
370 1361 407 1438 p.
435 1335 530 1440 375,
554 1338 712 1413 maxime
736 1363 825 1412 uero
850 1361 936 1410 cum
960 1339 994 1413 6.

233 1457 258 1528 6
280 1456 549 1554 pronunciatur
574 1456 628 1530 uti
649 1483 680 1556 g
704 1479 901 1557 asperum,
926 1454 977 1529 sic
1003 1463 1053 1532 6<s
1074 1454 1173 1554 glou,
1190 1459 1234 1531 de
1251 1447 1342 1554 gite.

179 1565 418 1643 Permutatur
442 1595 526 1646 cum
550 1599 593 1665 u,
622 1588 660 1645 et
674 1570 909 1648 sibilantibus
934 1597 972 1666 c,
998 1599 1051 1666 ap,
1077 1572 1233 1646 maxime
1251 1597 1338 1648 vero

179 1705 267 1760 eum
291 1705 337 1780 ιι,
362 1687 527 1765 vide'me
552 1691 592 1764 in
616 1691 749 1764 Lexico
773 1717 810 1794 p.
837 1691 922 1784 403.
1266 1675 1270 1680 ’

194 1845 199 1856 ·
231 1804 364 1900 †non
396 1823 453 1883 est
483 1809 605 1890 littera
636 1811 785 1912 proprie
818 1807 915 1882 dicta
927 1863 939 1902 ‚
978 1807 1044 1884 sed
1082 1807 1338 1910 compendium

178 1921 336 2000 duarum
361 1926 568 2001 litterarum
590 1951 652 2020 τι,
680 1955 721 2000 ac
748 1953 874 2002 revera
900 1925 1047 2002 effertur
1065 1933 1116 2020 εἰ,
1136 1928 1186 2001 sic
1207 1927 1336 2024 ne†pe

170 2048 322 2144 petire,
349 2071 416 2146 pro
441 2053 588 2138 nertpe.
929 2035 935 2046 ⁸
987 2031 993 2046 ⁸

246 2379 248 2386 Α
370 2271 459 2377 §32
486 2284 652 2358 Potestas
677 2283 901 2358 Litterarum
925 2281 1139 2360 Naeui-toa.
1191 2271 1192 2278 ἵ

228 2519 272 2593 In
291 2531 468 2622 potestate
487 2518 693 2594 litterarum
709 2520 895 2594 numerica
914 2519 1022 2622 Copti
1039 2529 1238 2594 consonant
1249 2544 1334 2596 cum

172 2633 354 2732 Graecis,
379 2665 399 2734 a
425 2635 558 2740 quibus
576 2635 811 2773 alphabetum
827 2637 981 2712 mutuati
999 2651 1099 2742 sunt·
1090 2659 1227 2738 ‚quare
1246 2635 1332 2710 solis

173 2723 308 2828 litteris
332 2779 486 2856 graecae
505 2755 674 2856 originis,
692 2780 767 2830 non
786 2778 871 2829 vero
889 2737 1081 2858 postremis
1107 2775 1168 2826 ser
1183 2753 1333 2826 omnino

173 2869 339 2990 Coptieis
365 2889 581 2977 potestatem
598 2873 823 2948 numericam
841 2885 1106 2956 concesserunt.
1132 2858 1332 2970 Iudicaturi

173 3013 372 3082 numerum
394 2989 422 3066 6
448 2992 613 3067 serebant
642 2991 664 3066 l
679 2990 816 3092 ‚quod
842 3007 898 3066 est
920 2995 1092 3096 graecum
1122 3019 1150 3077 ς.
1182 2989 1332 3064 -Pro

172 3113 328 3184 numero
353 3131 401 3210 90
429 3107 597 3186 scribunt
615 3137 666 3210 q·
658 3168 668 3207 ‚
687 3137 775 3186 cave
793 3125 914 3184 tamen
931 3133 978 3182 ne
995 3107 1123 3182 credas
1140 3108 1233 3182 hauc
1252 3117 1332 3183 esse

172 3229 356 3330 copticam
393 3228 552 3318 litteram
554 3229 663 3331 firi,
704 3244 760 3303 est
798 3228 898 3301 enim
935 3223 1107 3328 graecum
1143 3228 1332 3328 episemon

170 3369 316 3448 eoppa,
341 3347 442 3420 cuius
466 3344 583 3449 figura
607 3344 803 3448 persimilis
829 3357 955 3419 nostro
980 3371 1006 3446 9
1030 3341 1072 3413 (
1096 3343 1258 3468 proxime
1275 3368 1332 3415 ac-

170 3461 327 3538 cedebat
351 3462 396 3536 ad
420 3463 579 3538 litteram
599 3491 625 3564 q
636 3464 711 3564 fei.
728 3503 775 3522 -
791 3445 1025 3564 Designatdri
1043 3463 1237 3578 numerum
1254 3486 1327 3562 900

168 3579 276 3654 libri
283 3565 370 3654 editi
395 3585 527 3706 passim
553 3582 719 3658 scribunt
744 3610 786 3677 p,
811 3581 865 3656 sic
893 3581 983 3658 Gen.
1009 3609 1045 3656 ιι.
1072 3579 1106 3654 5.
1128 3582 1163 3654 8.
1186 3603 1241 3650 ιι.
1271 3579 1327 3672 14.

169 3723 232 3773 ao.
251 3721 320 3802 27.
346 3703 393 3775 ιι.
421 3723 490 3802 295
517 3699 613 3776 idem
640 3701 748 3776 etiam
773 3729 798 3794 p
822 3713 924 3774 notat
954 3726 1048 3791 100,
1073 3695 1154 3772 vide
1183 3689 1287 3769 Gen.
1293 3722 1326 3770 ιι.

166 3839 235 3920 9..
229 3839 295 3890 ..ιι
320 3813 383 3892 ι5.
411 3841 470 3893 ιι.
497 3818 556 3900 25·
587 3821 651 3914 28,
677 3837 715 3894 et
739 3818 887 3923 passim
915 3813 1028 3892 Recte
1054 3817 1178 3916 Zoiiga
1198 3810 1327 3888 (⁹)hoe

165 3931 429 4062 elementum
420 3957 470 4013 ιιι
496 3936 745 4014 excudendum
770 3937 992 4039 curavitp,
1019 3959 1092 4037 quo
1117 3934 1226 4036 Copti
1249 3934 1329 4100 pin·

195 4343 671 4430 (1)voamcn1³appr20racte
687 4357 717 4408 e
738 4357 816 4407 Tu
794 4355 1006 4424 eMurprs
1023 4367 1059 4418 11
1078 4349 1128 4404 tad
1146 4365 1184 4405 ιι.

215 4443 254 4512 (t)
273 4443 414 4512 Gatalogns
433 4443 513 4496 Codic
540 4440 641 4513 Coptic
660 4459 684 4512 p
703 4441 743 4493 88
762 4437 1133 4494 89·
