3244 5250
350 463 445 658 lisina
469 579 623 686 Aegypti
647 593 792 685 portem
815 596 929 659 notat
967 581 1092 659 Altera
1117 583 1358 688 Memphitica
1383 580 1511 690 appel·

348 697 447 774 latur
481 697 529 775 ab
564 697 657 776 urbe
693 697 887 803 Memphi,
925 725 999 804 qun
1035 699 1235 778 utebantur
1270 703 1441 807 Aegyptii
1464 707 1512 780 ad

348 815 653 921 septemtrionem
676 819 786 922 positi
809 820 852 894 in
875 819 1041 923 Aegypto
1077 817 1254 894 inferiori.
1293 822 1420 898 Tertia
1455 839 1513 898 cst

349 935 559 1012 Betmurica
571 991 583 1030 ‚
609 933 656 1013 de
682 963 754 1038 qua
778 948 864 1038 post
899 935 1159 1040 Picquesium,
1198 939 1435 1038 Munternm,
1473 956 1513 1016 et

349 1052 552 1157 Georgium
576 1051 655 1130 l'nsc
680 1052 929 1130 disseruerunt
952 1054 1096 1158 zoega,
1109 1055 1361 1148 Quaeremus
1374 1117 1387 1152 ‚
1402 1073 1511 1160 utque

349 1168 572 1274 Engelbrcth
597 1169 662 1266 (¹);
688 1167 776 1268 hac,
801 1185 930 1273 utpote
955 1197 1000 1247 ex
1017 1170 1256 1274 Memphitico
1273 1187 1314 1248 et
1332 1168 1509 1250 Thebano

348 1285 518 1366 idiomate
536 1287 687 1372 conflata
695 1347 707 1385 ,
723 1312 811 1365 usae
828 1285 1000 1366 videntur
1015 1290 1200 1391 regiones,
1212 1287 1367 1368 fortasse
1384 1293 1511 1388 omes,

350 1427 446 1510 qnae
470 1407 570 1484 inter
594 1409 823 1511 superiorem
841 1421 953 1511 atquc
972 1406 1187 1485 inferiorem
1204 1409 1410 1512 Aegyptum
1426 1437 1510 1485 eon·

350 1525 575 1618 sinebantur.
600 1527 801 1622 Quaerenti
825 1551 912 1602 vero
938 1543 1118 1629 quaenam
1142 1552 1187 1603 ex
1209 1527 1327 1604 trihus
1340 1525 1510 1604 dialectis

349 1645 479 1748 purior
503 1645 551 1724 sit
575 1671 618 1720 ac
643 1645 760 1748 magis
783 1645 1022 1740 intaminata,
1058 1644 1264 1747 respondeo
1295 1642 1510 1722 Thebanam

349 1765 484 1840 ceteris
508 1779 715 1867 praestare,
741 1760 841 1866 quod
864 1762 971 1838 facile
996 1763 1184 1866 colligitur
1207 1765 1285 1840 sive
1311 1789 1355 1840 cx
1378 1780 1510 1848 natura

349 1882 528 1956 sermonis
553 1883 707 1984 propius
730 1881 778 1956 ad
800 1881 1003 1984 analogiam
1029 1883 1160 1975 exacti,
1177 1905 1219 1955 ac
1237 1882 1357 1956 minus
1372 1881 1509 1958 foedati

350 1998 501 2074 Graecis
524 1997 739 2092 vocabulis,
764 1998 843 2074 sinc
868 2023 911 2074 ex
935 1999 1008 2076 situ
1032 1999 1190 2100 regionis
1216 1997 1360 2100 longius
1385 1998 1433 2080 ab
1452 2025 1508 2074 ex-

350 2131 514 2196 tororum
539 2115 813 2192 consuetudine·
827 2115 987 2192 dissitae.
1029 2117 1134 2209 Quae
1165 2141 1280 2219 quum
1318 2118 1370 2191 ita
1407 2117 1509 2210 sint,
1602 2111 1603 2190 Ξ

350 2235 585 2337 grammatica
610 2235 762 2337 Coptica
787 2261 864 2310 non
889 2235 1008 2312 solum
1033 2237 1105 2310 tria
1129 2231 1219 2308 haee
1244 2233 1420 2310 idiomata
1444 2261 1506 2310 ex·
1602 2243 1603 2276 ³

349 2351 488 2456 plicare
513 2351 625 2428 debet
636 2408 649 2446 ‚
673 2351 741 2429 sed
770 2355 881 2427 etiarn
912 2352 1128 2431 Thebanum
1159 2355 1389 2431 constituere¹
1415 2370 1509 2430 tam-

351 2491 463 2574 qnam
489 2486 697 2547 ceterorum
720 2469 1011 2547 fundamentum.
1028 2473 1076 2546 At
1087 2529 1099 2568 ,
1118 2497 1205 2546 cum
1218 2469 1515 2560 anficisem
1602 2521 1603 2540 t

348 2588 466 2665 monis
491 2589 552 2664 vix
576 2615 693 2691 pauca
717 2586 920 2690 fragmenta
945 2589 1200 2684 innotescant,
1238 2586 1337 2663 haud
1362 2611 1509 2692 semper

347 2708 454 2811 potui
476 2707 706 2782 Basmuricas
730 2702 865 2780 formas
891 2706 1027 2800 citarc3
1044 2733 1133 2780 nam
1148 2706 1317 2810 religioni
1337 2703 1426 2779 duxi
1444 2731 1506 2782 eus

350 2809 492 2900 tantum
517 2825 557 2897 in
565 2823 743 2902 medium
769 2823 957 2925 prolerre,
975 2852 1069 2928 quae
1088 2838 1189 2899 certo
1207 2823 1389 2900 librorum
1408 2825 1510 2900 testi-

348 2941 471 3014 monio
497 2939 740 3018 firmarentur.
855 2987 858 2996 ·

398 3059 453 3133 Ut
476 3084 564 3132 vero
589 3061 703 3134 trium
729 3057 944 3135 idiomatum
970 3057 1163 3136 diversitas
1189 3057 1328 3133 facilius
1345 3058 1509 3132 uestime-

348 3189 410 3250 tur
422 3230 436 3269 ,
460 3201 520 3250 eas
546 3181 763 3253 mutationes
789 3203 995 3280 exponam,
1021 3203 1112 3280 quas
1134 3179 1324 3281 patiuntur
1342 3176 1507 3269 litterae,

318 3332 321 3340 ·
347 3297 437 3396 quin
463 3293 539 3369 nlla
562 3300 796 3396 grammatica
821 3297 915 3372 ratio
940 3295 1167 3391 intercedat;
1192 3321 1279 3371 nam
1312 3299 1508 3370 uarietates
1603 3273 1604 3360 l

344 3410 392 3486 ad
416 3413 687 3514 grammaticam
704 3430 913 3518 spectantes
935 3439 1000 3490 suo
1020 3440 1183 3520 quasque
1204 3415 1285 3488 loco
1302 3413 1507 3488 declarabo.

348 3529 466 3632 Siglae
492 3529 536 3604 Τ.
570 3531 621 3605 Μ.
653 3531 694 3604 Β.
724 3530 937 3606 indicabunt
967 3558 1075 3609 voces
1106 3531 1253 3607 dialecti
1284 3529 1507 3627 Thebanae,

263 3692 268 3703 ·
345 3647 632 3750 Memphiticus,
657 3649 900 3725 Basmuricae.

388 4025 430 4096 (l)
447 4028 533 4098 zoega
549 4029 689 4100 Cataloqec
706 4027 827 4084 codicum
844 4031 917 4102 Gopt.
934 4049 960 4102 p.
980 4005 1495 4102 ssosq.Qmuemcr01lootsrctmrt-
1603 3997 1604 4002 Ἰ

322 4119 325 4126 ’
353 4110 439 4180 tiques
455 4121 480 4162 et
495 4113 648 4184 historiam
663 4132 713 4168 ser
728 4115 756 4166 la
772 4115 865 4185 lmpaa
882 4127 907 4168 ct
924 4117 952 4168 la
975 4117 1122 4182 litttrutere
1143 4117 1175 4168 dc
1197 4102 1320 4186 l'llpyptc
1341 4133 1368 4194 p.
1388 4113 1437 4169 147
1453 4132 1495 4185 oq.

354 4193 513 4263 Engelbreth
530 4199 688 4269 Fragmenta
703 4199 978 4272 samaria-captim
992 4200 1027 4255 V.
1046 4211 1071 4255 ct
1088 4200 1122 4256 Ν.
1144 4201 1300 4256 Testamenti
1315 4217 1341 4272 p.
1359 4214 1386 4254 v.
1404 4217 1446 4272 sq.
