3244 5250
339 428 400 476 ιιι

339 520 427 595 sive-
443 521 484 593 in
508 518 676 595 derivatis
700 516 801 592 facile
826 516 1105 620 interpretandis
1132 517 1244 592 semel
1269 523 1316 598 ac
1342 517 1488 596 radices

341 636 531 712 callebant.
569 639 740 710 Omnium
765 661 851 711 vero
876 646 1171 738 argumentorum
1194 624 1307 711 instar
1331 638 1377 712 sit
1399 665 1485 739 gra·

337 753 524 829 vissimum
549 754 708 828 Silvestri
727 757 817 856 Sacy
834 753 1009 826 iudicium
1024 810 1036 845 ‚
1054 754 1157 827 cuius
1174 752 1361 838 doctrinae
1380 781 1486 855 prae·

339 871 506 945 stantiam
542 898 625 944 cum
657 895 780 946 omnes
811 870 1101 964 celebraverint,
1130 897 1197 972 ego
1228 874 1408 946 sinceram
1444 875 1486 946 in

338 987 531 1062 iudicando
556 987 775 1088 probitatem
798 987 844 1060 ab
875 988 974 1060 omni
998 986 1171 1088 philautia
1196 989 1486 1091 solutamtprae-

339 1104 477 1180 dicabo.
496 1109 591 1179 Ante
608 1103 672 1179 hos
688 1119 829 1206 septem
846 1129 959 1178 annos
978 1130 1064 1178 eum
1081 1105 1229 1180 Parisiis
1246 1130 1362 1182 essem
1377 1104 1486 1178 fando

293 1263 295 1268 ·
340 1223 464 1324 accepi
490 1222 699 1297 Silvestrum
719 1224 810 1323 Sacy
827 1223 866 1295 in
883 1221 1309 1297 commentatiuncule'ab
1326 1221 1370 1297 eo
1382 1227 1488 1324 prae·

341 1339 434 1413 lecta
458 1341 497 1414 in
522 1338 714 1412 Academia
738 1339 1018 1440 Inscriptionum
1042 1365 1144 1413 suam
1169 1340 1214 1414 de
1238 1339 1389 1442 Coptieo
1411 1342 1487 1414 Le·

340 1457 419 1531 nico
451 1455 643 1531 condendo
677 1455 886 1558 opinionem
910 1457 961 1528 ita
986 1457 1167 1559 apernisse
1179 1456 1194 1550 -,’
1220 1475 1258 1532 ιιι
1283 1456 1390 1559 plane
1414 1458 1485 1532 im-

340 1574 514 1675 probaret
535 1570 740 1648 methodum
756 1571 1031 1674 etymologicam
1037 1601 1046 1667 3
1066 1579 1174 1674 porro
1189 1575 1297 1647 amici
1320 1601 1380 1648 me
1398 1572 1486 1648 hor-

340 1691 529 1784 utantur,
555 1708 596 1764 ut
619 1693 736 1764 virum
763 1692 982 1766 conveniens
1006 1690 1063 1767 vel
1086 1693 1307 1791 argumentis
1330 1691 1369 1764 in
1387 1717 1488 1766 meas

340 1826 461 1910 partes
487 1807 691 1901 traherem,
711 1807 769 1883 vel
786 1808 915 1882 saltem
933 1809 1101 1910 precibus
1119 1807 1387 1884 severamstanti
1403 1809 1487 1910 phi·

310 1983 314 1992 .
339 1925 447 2026 lologi
472 1949 663 2000 censuram
688 1923 904 2028 deprecarer
928 1953 951 1998 a
975 1925 1072 1999 libro
1098 1930 1170 2000 iam
1199 1927 1324 2027 praelo
1347 1941 1488 2028 parato.

339 2043 519 2117 Neutrum
532 2042 823 2118 consilium'mihi
834 2044 966 2138 arrisit3
982 2043 1089 2117 aulici
1103 2061 1158 2118 est
1169 2043 1381 2118 adulatorius
1392 2061 1489 2118 artes

341 2165 526 2253 exercere,
545 2175 622 2232 tum
635 2159 791 2235 bominis
805 2157 1109 2236 immodestissimi
1127 2161 1488 2238 adire-Orientalium

342 2275 609 2380 philologorum
632 2279 855 2380 principem,
880 2294 932 2368 ut,
948 2303 1031 2352 eum
1056 2305 1179 2352 coram
1204 2291 1402 2382 oppugnet,
1415 2283 1488 2354 Po-

339 2395 486 2487 stulavi‚
500 2411 542 2468 ut
559 2395 717 2486 ineditae
735 2395 1123 2471 commentatiunculae
1138 2395 1225 2470 mibi
1242 2399 1345 2498 copia
1361 2395 1486 2490 lieret,

340 2539 425 2586 eam·
442 2513 541 2614 legi,
565 2517 606 2586 ac
631 2515 743 2615 magis
767 2515 955 2616 magisque
981 2539 1062 2587 mea
1088 2517 1125 2586 in
1150 2511 1330 2588 sententia
1353 2513 1486 2590 confir-

339 2648 481 2724 matus,
500 2635 538 2704 in
555 2630 680 2706 Lexici
694 2629 917 2732 praefatione
933 2633 1113 2706 contraria
1130 2645 1357 2732 argumenta,
1374 2633 1486 2706 tacito

341 2749 536 2825 adversarii
561 2748 709 2822 nomine
721 2804 734 2840 ,
759 2746 929 2822 diluenda
954 2749 1107 2850 suscepi.
1132 2748 1230 2842 Quid
1245 2747 1369 2852 plural
1385 2749 1490 2844 Idem

341 2869 430 2968 Sacy
456 2865 503 2939 de
527 2891 610 2940 meo
637 2891 747 2968 opere
767 2868 1040 2942 renunciaturus
1060 2869 1099 2940 in
1116 2865 1256 2940 Gallica
1277 2868 1489 2968 Sapientem

340 2983 582 3084 Ephemeride
601 2987 724 3060 statim
740 2985 778 3058 in
794 2985 876 3086 ipso
896 2984 1079 3060 relationis
1099 2986 1224 3059 limine
1242 2969 1489 3087 profiteturse

341 3102 496 3178 maxime
521 3100 729 3176 methodum
754 3131 775 3175 a
800 3127 858 3174 me
882 3118 1065 3204 receptam
1089 3103 1241 3203 probare
1266 3100 1318 3176 (¹).
1342 3097 1489 3198 Scilicet

342 3222 475 3319 Sacyus
512 3235 610 3291 tanto
635 3220 797 3293 veritatis
831 3244 953 3322 amore
982 3220 1200 3312 tenebatur,
1230 3239 1272 3294 ut
1302 3246 1385 3300 eum
1412 3246 1488 3292 non

340 3336 497 3438 puderet
520 3353 799 3438 praeconceptae
826 3340 1013 3438 opiniones
1039 3364 1116 3412 non
1134 3353 1275 3413 tantum
1290 3336 1487 3439 deponere,

239 3537 244 3548 ¹
340 3453 405 3526 sed
424 3455 531 3526 etiam
547 3453 693 3554 publice
713 3455 929 3556 reprobare3
949 3454 1047 3557 quod
1061 3457 1251 3528 maximam
1265 3457 1304 3530 in
1315 3482 1357 3530 eo
1371 3454 1490 3555 arguit

288 3673 290 3678 ι
340 3573 414 3644 rim
439 3572 690 3645 conscientiae.
717 3575 817 3664 Quae
844 3601 958 3674 quum
976 3577 1026 3648 ita
1046 3576 1140 3668 siut,
1158 3575 1282 3676 eequis
1301 3573 1392 3646 tanti
1409 3570 1490 3674 phi÷

322 3688 454 3792 ''lologi'
473 3689 638 3791 suffragio
663 3687 894 3790 refragetur?
995 3699 1000 3708 ”

352 4211 353 4214 ¹
383 4169 425 4240 (l)
440 4171 479 4222 La
494 4173 563 4224 seule
578 4171 665 4238 chose,
684 4189 732 4242 que
747 4189 813 4225 nour
828 4190 893 4226 nous
903 4187 1045 4242 prepotens
1056 4171 1120 4224 dans
1137 4182 1176 4224 cet
1192 4172 1282 4224 article
1299 4171 1362 4222 c’ert
1378 4169 1482 4220 d't‘ndr‘-

351 4271 436 4324 quer.
455 4295 462 4307 .
481 4296 487 4309 .
503 4256 527 4306 le
543 4257 663 4326 rystdme,
683 4258 727 4326 qui
743 4256 779 4308 l'a
804 4257 888 4326 diriqd
908 4257 972 4308 dam
989 4255 1016 4307 la
1036 4256 1167 4308 rddactr'on
1190 4257 1221 4307 de
1242 4273 1269 4307 ce
1291 4252 1482 4318 dictionuaire,

348 4339 456 4408 rystdme
473 4357 519 4410 que
536 4357 600 4392 nous
616 4357 772 4410 approuvons
789 4342 968 4404 sortiremur,
987 4349 1011 4391 et
1027 4339 1066 4390 les
1081 4338 1167 4409 motiss
1184 4341 1228 4411 qui
1241 4340 1305 4394 l’ont
1316 4337 1483 4393 detumuit

330 4422 483 4494 Ιιίιιὶοῑιιιν.
500 4424 673 4480 Journaldes
689 4425 823 4490 savants,-
835 4439 904 4498 mars
923 4423 987 4478 1836
1003 4439 1063 4494 pag.
1083 4422 1139 4476 stt.
1449 4425 1453 4434 '
