3228 5248
129 574 258 674 ioqui
265 593 391 648 toron
413 579 472 650 me
497 571 627 650 iubebo
652 583 766 650 team
777 579 943 677 lingnam
965 581 1132 656 evelti..
1147 460 1298 654 enisa}

129 695 378 792 mimqui..
391 691 742 768 .tnioctom...

182 809 201 908 (
218 811 294 882 Oui
316 813 368 884 ito
393 811 585 912 reposuit)
609 813 693 913 Apa
713 811 918 889 Cointisus:
938 813 1067 888 Gloria
1088 839 1166 888 mea
1181 830 1218 888 et
1231 837 1298 888 co-

128 951 230 1000 rono
257 952 334 1002 mea
351 929 531 1004 Dominus
547 946 608 1006 est.
628 930 726 1005 Nom
743 939 1005 1034 scriptumest:
1018 932 1158 1008 Nostra
1174 937 1300 1008 civitas

128 1049 178 1126 in.
193 1051 309 1120 coelis
333 1061 415 1141 est,
442 1047 542 1122 merle
561 1063 801 1149 expectamus
818 1055 1028 1125 salvatorem
1044 1064 1210 1124 nosuum
1223 1051 1300 1124 Do·

129 1168 275 1237 rninum
298 1164 423 1240 Iesum
434 1221 446 1258 ,
463 1171 537 1268 qui
549 1166 753 1242 inmutabit
769 1192 908 1270 corpus
921 1165 1138 1242 Ιιιιιιιίἰϋαίἱι
1153 1181 1301 1242 metrae

129 1286 171 1352 in
198 1283 468 1358 similitudinem
486 1289 652 1387 corporis
667 1289 811 1384 gloriae
827 1311 916 1360 suae
932 1284 997 1382 (¹),
1016 1289 1172 1366 utoculi
1182 1291 1301 1362 nostri

131 1398 260 1473 initten
285 1407 475 1504 accipiant.

181 1518 378 1619 Reponens
388 1523 550 1594 Arionus
564 1519 673 1594 dixit:
687 1519 739 1593 Es
753 1547 800 1595 ne
814 1520 1002 1616 diaeonus,
1015 1536 1079 1595 out
1085 1519 1298 1622 presbyter?

131 1631 205 1708 isos
231 1641 327 1710 enim
351 1661 535 1712 sermones
560 1645 759 1740 expromis.
783 1641 858 1714 Dic
875 1637 963 1713 indii
977 1665 1155 1742 quaenam
1172 1643 1219 1712 sit
1234 1662 1298 1709 ors

133 1768 215 1826 tuo.

185 1869 390 1972 Respondit
413 1871 499 1973 Apo
520 1869 718 1960 Coluthus:
734 1875 785 2002 In·
795 1870 869 1948 hoc
885 1874 1020 1949 mundo
1034 1873 1200 1977 equidem
1216 1898 1299 1948 sum

134 1990 300 2062 medicus
324 1988 371 2062 ab
397 1988 643 2064 adolescentia
669 2017 797 2066 meu..
813 1994 1004 2068 ...Deus
1020 1989 1165 2065 ..mihi
1188 2044 1298 2063 .....

134 2111 275 2180 servire
289 2160 399 2186 .....
415 2109 528 2182 Deus.
552 2110 634 2208 Ego
662 2108 894 2184 Christmnus
911 2117 1025 2186 sermo
1043 2109 1132 2184 Iesu
1150 2107 1298 2182 Christo

135 2225 296 2298 Domino
320 2249 410 2298 mec.

160 2373 163 2380 ⁴
190 2345 302 2418 Dicit
325 2349 359 2417 ei
383 2347 572 2418 Arionus:
598 2343 772 2440 Sacrifico
801 2343 997 2439 Collutize,
1021 2370 1068 2417 oc
1099 2349 1153 2419 tui
1186 2348 1299 2446 ipsius

137 2465 319 2535 miserere.
349 2460 479 2534 Omnes
504 2477 540 2536 te
564 2463 716 2542 uideant
747 2463 835 2536 bene
860 2463 1045 2536 addictum
1070 2461 1172 2536 bonis
1201 2467 1300 2536 insti·

137 2583 235 2650 tutis.
265 2581 324 2652 Tu
350 2584 443 2654 enim
467 2580 559 2654 nihii
584 2579 714 2660 dedisti
728 2579 960 2659 Rhetoribus
986 2577 1027 2648 (³)
1051 2586 1120 2682 qui
1135 2579 1296 2673 adstant,

137 2710 181 2767 ut
200 2722 274 2795 pro
295 2711 335 2770 ¹te
360 2697 560 2772 decertent.
585 2701 639 2772 Hi
663 2724 757 2773 vero
782 2725 903 2773 omnes
930 2697 1024 2770 idem
1050 2702 1212 2771 sentiunt
1236 2696 1297 2790 (³),

135 2811 243 2888 imud
263 2819 391 2888 eoruin
411 2821 570 2915 gratiam
595 2823 750 2892 invenies
762 2877 774 2913 ,
800 2834 840 2892 ut
861 2841 934 2918 pro
960 2809 998 2889 te
1019 2813 1232 2918 loquentur.

187 2934 386 3034 Respondit
408 2934 490 3037 Apa
519 2934 726 3010 Colutiius:
751 2935 929 3038 Equidem
953 2959 1027 3006 non
1057 2939 1101 3006 iis
1132 2934 1297 3032 indigeo,-

138 3048 228 3124 milti
240 3057 335 3124 enim
359 3052 461 3126 adest
486 3055 663 3128 Dominus
690 3079 790 3127 meus
818 3055 920 3126 lesus
946 3051 1118 3126 Christus
1140 3077 1214 3154 pro
1240 3079 1296 3124 me

139 3167 341 3242 decertans.
378 3171 507 3245 Omnia
543 3189 609 3246 tuo
641 3187 966 3245 tormentacoram
994 3174 1164 3272 expositu
1192 3168 1299 3244 nduii

138 3284 266 3360 habeo.
281 3287 465 3390 Supplicia
477 3295 572 3362 enim
585 3295 707 3364 omnin
725 3343 860 3364 ......
874 3287 1011 3364 atisleta
1030 3313 1205 3363 coronam
1223 3314 1296 3362 non

138 3411 298 3506 occipit,
323 3413 394 3480 nisi
416 3425 561 3480 strenue
579 3421 733 3507 pugnet.

155 3573 158 3578 -
193 3523 388 3625 Confestim
398 3527 546 3600 Praeses
555 3531 658 3599 iussit
670 3525 1055 3600 SanctumErmetnrio
1064 3522 1296 3627 (⁴)suspendi,

138 3641 302 3716 radendo
328 3643 524 3718 dducerori
531 3701 544 3740 ‚
560 3661 671 3747 atque
686 3649 834 3719 aculeos
847 3649 881 3718 ei
891 3644 1083 3728 admoveri.
1100 3645 1193 3717 Cum
1205 3668 1297 3720 uero

184 4043 225 4114 (l)
242 4043 357 4115 Philipp.
375 4058 416 4098 ιιι.
435 4045 479 4099 90.

177 4128 226 4200 (⁹)
244 4129 355 4182 seilicet
371 4130 489 4200 patronis
505 4145 652 4186 οιιιιιιιιιιι.

183 4212 225 4284 (3)
242 4214 371 4284 Compara
388 4225 431 4292 gs
448 4225 623 4290 necepses·
640 4216 668 4268 in
685 4219 762 4270 textu
778 4213 1191 4286 mebaieoAn.Apon.11.1.

184 4297 225 4367 (4)
243 4301 385 4368 Perpetem
397 4300 526 4370 Georgius
543 4307 601 4370 pig.
614 4313 683 4352 ιιιιι
697 4315 819 4370 gnosum
836 4309 1076 4395 ερμηταριονιιιι
1059 4297 1289 4364 itiidmumroddii.

152 4380 234 4433 Recte
251 4383 369 4450 ignotius
386 4384 462 4437 Rossi
478 4383 558 4455 Etym
559 4385 624 4453 oioq
642 4383 682 4436 Ae
670 4386 774 4455 eqyptia
776 4402 819 4435 ceo
837 4383 964 4453 pag.198
988 4383 1176 4454 interpretetur
1193 4384 1291 4454 iiqnum

154 4481 188 4518 es
205 4483 254 4536 quo
270 4484 309 4519 res
305 4468 479 4538 'floqeiiandi
494 4479 540 4522 aut
556 4469 619 4557 eliis
635 4469 715 4524 modis
733 4469 867 4523 cruciandi
885 4467 1113 4540 suspendebantur.
