3228 5248
327 413 396 504 164

321 529 504 602 volumine
532 527 698 628 Copticas
723 528 821 600 iuxta
846 551 887 597 ac
907 525 1155 602 Samsoriticas
1181 527 1320 603 litteras
1339 531 1480 631 attigit,

323 674 407 720 cum
433 644 667 719 novatoribus
692 643 912 736 decertavit,
929 664 980 715 'ac
997 644 1143 748 longam
1160 670 1245 718 cum
1263 645 1482 722 Brahmanis

321 764 572 838 velitationem
596 764 765 837 instituit.
794 758 866 837 Sed
884 761 1028 862 quando
1048 762 1120 835 duo
1138 761 1285 836 Coluthi
1303 766 1482 838 Miraeula

322 882 527 956 edebantur
552 883 589 953 in
608 880 754 972 lucem,
774 878 928 954 decebat
944 879 990 953 de
1007 880 1125 952 incliti
1145 881 1315 984 Martyris
1331 907 1481 982 genere,

322 1016 430 1095 ortu,
457 1015 566 1101 atque
592 1025 706 1100 agone
733 998 866 1072 dicere.
892 987 996 1070 Hanc
1019 1003 1167 1100 'partem
1180 999 1483 1101 'pertractandam

322 1118 482 1219 suscepit
523 1117 644 1189 Emin.
690 1114 894 1190 Cardinalis
931 1115 1092 1218 Bargia,
1133 1118 1224 1216 qui,
1266 1118 1483 1218 conquisitis

323 1238 485 1309 omnium
510 1259 624 1336 paene
649 1234 722 1308 sive
749 1235 912 1308 Orientis
946 1235 1019 1307 sive
1045 1235 1200 1336 Aegypti
1229 1234 1481 1310 Ecclesiamm

321 1353 593 1444 monumentis,
619 1349 781 1424 adhibito
807 1353 916 1424 etiam
942 1353 1070 1425 critico
1095 1353 1135 1425 in
1160 1354 1204 1426 iis
1238 1351 1481 1428 diiudicandis

320 1473 512 1564 acumine,
539 1495 639 1543 suam
665 1472 705 1544 in
730 1465 936 1543 eruditione
962 1468 1212 1572 diligentiam,
1237 1485 1276 1545 et
1301 1474 1340 1544 in
1364 1467 1478 1545 conii·

322 1589 454 1662 ciendo
486 1575 697 1662 felicitatem
733 1585 901 1662 omnibus
933 1587 1159 1690 approbavit.
1196 1591 1340 1682 Quanta
1368 1613 1480 1690 porro

320 1706 455 1782 laetitia
481 1706 673 1780 exultasset
696 1707 879 1780 Romanus
902 1708 1100 1806 Princeps,
1127 1707 1156 1780 si
1177 1725 1308 1780 novam
1324 1719 1482 1809 eamque

321 1825 477 1925 primam
490 1823 655 1926 Martyiii
668 1821 930 1914 membranam,
949 1825 988 1896 in
1005 1851 1078 1925 qua
1094 1849 1230 1917 annus,
1245 1822 1341 1916 dies,
1360 1826 1479 1918 locus,

321 1941 461 2043 aliaque
494 1942 610 2016 sancti
641 1942 847 2014 certaminis
878 1939 1048 2014 adiuncta
1076 1941 1306 2042 produntur,
1341 1967 1478 2044 cogno·

321 2064 453 2134 visset!
482 2059 586 2132 Hanc
612 2084 679 2160 ego
706 2061 830 2132 inveni
856 2060 953 2132 inter
979 2082 1206 2160 perpaucas,
1232 2083 1367 2160 easque
1386 2060 1484 2134 solu-

320 2192 375 2251 tas
388 2234 400 2270 ,
426 2179 633 2252 vetustioris
657 2179 737 2250 aevi
761 2176 990 2250 membranas
1015 2178 1235 2278 Aegyptias,
1261 2203 1354 2278 quae
1379 2177 1419 2251 in
1436 2180 1477 2252 ll.

319 2289 516 2378 Parisien'si
540 2287 764 2369 Bibliotheca
790 2310 1046 2388 asservantur5
1077 2315 1164 2368 nam
1188 2297 1304 2368 ceteri
1328 2293 1479 2372 huiusce

320 2408 566 2486 Bibliothecae
592 2411 746 2486 Codices
772 2413 915 2512 Coptici
939 2407 1164 2486 recentiores
1190 2427 1277 2486 sunt
1288 2470 1301 2507 ,
1330 2431 1378 2487 'aa‘
1400 2411 1483 2488 sere

321 2553 446 2605 omnes
473 2528 652 2604 chartacei
671 2526 724 2605 'et'
739 2529 976 2631 Memphitici.
1005 2531 1280 2632 Opportunum·
1296 2526 1482 2608 hoc-'‘mihi

320 2650 512 2724 inventurn
536 2648 731 2748 contingit,
745 2669 786 2722 ut
804 2646 965 2721 sororiae
977 2647 1218 2724 ‚membranae
1233 2647 1479 2749 apographum

321 2764 463 2840 schedis
488 2766 640 2866 collegii
665 2763 925 2866 Propagandaa
950 2763 1056 2838 Fidei
1082 2765 1220 2869 optime
1252 2765 1299 2840 de
1324 2767 1384 2840 ine
1407 2783 1479 2842 me·

321 2883 402 2959 ritis
426 2884 643 2976 restituam,
668 2901 838 2984 novaque
869 2884 1086 2958 auctoritate
1118 2884 1362 2971 communiam
1386 2875 1479 2988 guae

322 2999 367 3074 de
394 3001 430 3076 S.
448 2997 614 3076 'Goluthe
637 2999 844 3077 'Cardinalis
867 2999 1005 3104 Borgia
1020 3000 1205 3079 subtiliter
1222 3000 1478 3104 disputaverat

321 3119 392 3198 Hic
419 3120 620 3195 Taurinum
644 3120 891 3222 pertransiens
916 3138 976 3192 me
993 3117 1260 3200 adolescentem
1275 3119 1484 3196 litterarum·

322 3237 562 3311 Orientalium
587 3227 719 3311 studio·
734 3235 1051 3339 flagrantissimum
1078 3235 1246 3334 viderat,
1269 3263 1312 3311 ac
1328 3240 1479 3314 Romam

322 3357 535 3431 invitaverat
559 3352 801 3430 blandissimis
826 3354 947 3430 verbis
973 3353 1153 3456 spondens
1179 3364 1218 3428 s'e
1243 3354 1480 3460 mihi-patro·

323 3495 413 3551 num
436 3472 537 3566 fore3
563 3487 601 3546 at
624 3472 791 3576 quando,
816 3475 874 3548 vix
898 3466 1021 3575 elapso
1039 3481 1189 3570 mente,
1207 3487 1288 3550 suas
1306 3483 1477 3578 measque

323 3617 407 3692 spes
433 3585 531 3668 mors
546 3592 629 3664 'cita
655 3590 827 3692 abrupit,
853 3590 943 3664 mihi
958 3591 1091 3664 saltem
1109 3590 1218 3665 liceat
1237 3589 1336 3668 hunc
1355 3593 1479 3668 floscu-

324 3709 427 3802 lum,
452 3726 637 3816 tamquam
663 3713 756 3814 grati
782 3701 896 3786 animi
926 3709 1196 3805 testimonium,
1229 3711 1308 3789 eius
1335 3703 1477 3789 'tumulo

325 3831 527 3935 imponeres
859 3841 863 3847 '
1251 3855 1252 3862 ’
