<?xml version="1.0" encoding="UTF-8"?>
<!DOCTYPE html PUBLIC "-//W3C//DTD XHTML 1.0 Transitional//EN"
    "http://www.w3.org/TR/xhtml1/DTD/xhtml1-transitional.dtd">
<html xmlns="http://www.w3.org/1999/xhtml" xml:lang="en" lang="en">
 <head>
  <title>
</title>
<meta http-equiv="Content-Type" content="text/html;charset=utf-8" />
  <meta name='ocr-system' content='tesseract 3.04.00' />
  <meta name='ocr-capabilities' content='ocr_page ocr_carea ocr_par ocr_line ocrx_word'/>
</head>
<body>
  <div class='ocr_page' id='page_1' title='image "./grammaticalingu01peyrgoog_0023.png"; bbox 0 0 3244 5250; ppageno 0'>
   <div class='ocr_carea' id='block_1_1' title="bbox 127 514 1308 4560">
    <p class='ocr_par' dir='ltr' id='par_1_1' title="bbox 127 514 1292 3292">
     <span class='ocr_line' id='line_1_1' title="bbox 1225 514 1285 560; baseline 0.033 -2"><span class='ocrx_word' id='word_1_1' title='bbox 1225 514 1285 560; x_wconf 80' lang='lat' dir='ltr'><strong>xrn</strong></span> 
     </span>
     <span class='ocr_line' id='line_1_2' title="bbox 131 581 1286 705; baseline 0.004 -32"><span class='ocrx_word' id='word_1_2' title='bbox 131 599 223 692; x_wconf 88' lang='lat' dir='ltr'><strong>Sed,</strong></span> <span class='ocrx_word' id='word_1_3' title='bbox 250 598 396 694; x_wconf 76' lang='lat' dir='ltr'><strong>amabo,</strong></span> <span class='ocrx_word' id='word_1_4' title='bbox 413 626 524 703; x_wconf 90' lang='lat' dir='ltr'><strong>quem</strong></span> <span class='ocrx_word' id='word_1_5' title='bbox 542 581 686 680; x_wconf 85' lang='lat' dir='ltr'><strong>tandem</strong></span> <span class='ocrx_word' id='word_1_6' title='bbox 703 601 863 680; x_wconf 77' lang='lat' dir='ltr'>codicem</span> <span class='ocrx_word' id='word_1_7' title='bbox 881 601 1089 680; x_wconf 87' lang='lat' dir='ltr'><strong>habuerunt</strong></span> <span class='ocrx_word' id='word_1_8' title='bbox 1106 600 1286 705; x_wconf 85' lang='lat' dir='ltr'><strong>tamquam</strong></span> 
     </span>
     <span class='ocr_line' id='line_1_3' title="bbox 132 716 1285 822; baseline 0 -28"><span class='ocrx_word' id='word_1_9' title='bbox 132 716 372 822; x_wconf 85' lang='lat' dir='ltr'><strong>archetypum</strong></span> <span class='ocrx_word' id='word_1_10' title='bbox 387 720 609 814; x_wconf 74' lang='lat' dir='ltr'><strong>meemionis</strong></span> <span class='ocrx_word' id='word_1_11' title='bbox 621 719 903 798; x_wconf 76' lang='lat' dir='ltr'>Alexandrinae?</span> <span class='ocrx_word' id='word_1_12' title='bbox 915 722 1153 816; x_wconf 77' lang='lat' dir='ltr'><strong>Vaticanum,</strong></span> <span class='ocrx_word' id='word_1_13' title='bbox 1171 724 1285 813; x_wconf 87' lang='lat' dir='ltr'><strong>aiunt,</strong></span> 
     </span>
     <span class='ocr_line' id='line_1_4' title="bbox 131 837 1288 939; baseline 0 -27"><span class='ocrx_word' id='word_1_14' title='bbox 131 852 171 912; x_wconf 88' lang='lat' dir='ltr'><strong>et</strong></span> <span class='ocrx_word' id='word_1_15' title='bbox 184 837 438 914; x_wconf 81' lang='lat' dir='ltr'><strong>Britannicum</strong></span> <span class='ocrx_word' id='word_1_16' title='bbox 451 838 601 939; x_wconf 71' lang='lat' dir='ltr'><strong>originis</strong></span> <span class='ocrx_word' id='word_1_17' title='bbox 618 839 766 916; x_wconf 81' lang='lat' dir='ltr'>indubie</span> <span class='ocrx_word' id='word_1_18' title='bbox 782 838 1051 914; x_wconf 77' lang='lat' dir='ltr'><strong>Alexandrinae.</strong></span> <span class='ocrx_word' id='word_1_19' title='bbox 1067 837 1288 932; x_wconf 61' lang='lat' dir='ltr'><strong>Concedam</strong></span> 
     </span>
     <span class='ocr_line' id='line_1_5' title="bbox 132 953 1286 1060; baseline 0.002 -30"><span class='ocrx_word' id='word_1_20' title='bbox 132 953 199 1030; x_wconf 91' lang='lat' dir='ltr'><strong>sed</strong></span> <span class='ocrx_word' id='word_1_21' title='bbox 223 970 268 1030; x_wconf 91' lang='lat' dir='ltr'><strong>ut</strong></span> <span class='ocrx_word' id='word_1_22' title='bbox 290 983 311 1028; x_wconf 90' lang='lat' dir='ltr'><strong>a</strong></span> <span class='ocrx_word' id='word_1_23' title='bbox 338 969 437 1032; x_wconf 77' lang='lat' dir='ltr'><strong>textu</strong></span> <span class='ocrx_word' id='word_1_24' title='bbox 460 955 708 1030; x_wconf 75' lang='lat' dir='ltr'><strong>Alexandrino</strong></span> <span class='ocrx_word' id='word_1_25' title='bbox 731 956 776 1030; x_wconf 86' lang='lat' dir='ltr'><strong>ad</strong></span> <span class='ocrx_word' id='word_1_26' title='bbox 802 958 1016 1060; x_wconf 79' lang='lat' dir='ltr'><strong>Aegyptium</strong></span> <span class='ocrx_word' id='word_1_27' title='bbox 1042 971 1143 1034; x_wconf 82' lang='lat' dir='ltr'><strong>reeta</strong></span> <span class='ocrx_word' id='word_1_28' title='bbox 1160 981 1286 1058; x_wconf 83' lang='lat' dir='ltr'><strong>prece·</strong></span> 
     </span>
     <span class='ocr_line' id='line_1_6' title="bbox 133 1072 1284 1174; baseline -0.001 -27"><span class='ocrx_word' id='word_1_29' title='bbox 133 1072 239 1148; x_wconf 85' lang='lat' dir='ltr'><strong>deret</strong></span> <span class='ocrx_word' id='word_1_30' title='bbox 264 1077 550 1174; x_wconf 75' lang='lat' dir='ltr'><strong>argrrmeritatio,</strong></span> <span class='ocrx_word' id='word_1_31' title='bbox 576 1074 788 1150; x_wconf 78' lang='lat' dir='ltr'><strong>debuissent</strong></span> <span class='ocrx_word' id='word_1_32' title='bbox 812 1077 851 1148; x_wconf 91' lang='lat' dir='ltr'><strong>in</strong></span> <span class='ocrx_word' id='word_1_33' title='bbox 876 1090 1105 1150; x_wconf 82' lang='lat' dir='ltr'><strong>antecessum</strong></span> <span class='ocrx_word' id='word_1_34' title='bbox 1135 1074 1284 1154; x_wconf 85' lang='lat' dir='ltr'><strong>demon-</strong></span> 
     </span>
     <span class='ocr_line' id='line_1_7' title="bbox 133 1191 1285 1268; baseline 0 -2"><span class='ocrx_word' id='word_1_35' title='bbox 133 1207 251 1266; x_wconf 86' lang='lat' dir='ltr'><strong>strare</strong></span> <span class='ocrx_word' id='word_1_36' title='bbox 276 1191 477 1266; x_wconf 79' lang='lat' dir='ltr'><strong>Ecclesiam</strong></span> <span class='ocrx_word' id='word_1_37' title='bbox 503 1191 782 1268; x_wconf 74' lang='lat' dir='ltr'><strong>⁸Aleuandrinum</strong></span> <span class='ocrx_word' id='word_1_38' title='bbox 807 1196 856 1266; x_wconf 90' lang='lat' dir='ltr'><strong>ita</strong></span> <span class='ocrx_word' id='word_1_39' title='bbox 872 1195 1017 1268; x_wconf 86' lang='lat' dir='ltr'><strong>unicam</strong></span> <span class='ocrx_word' id='word_1_40' title='bbox 1038 1191 1147 1266; x_wconf 82' lang='lat' dir='ltr'><strong>luisse</strong></span> <span class='ocrx_word' id='word_1_41' title='bbox 1165 1192 1203 1264; x_wconf 89' lang='lat' dir='ltr'><strong>in</strong></span> <span class='ocrx_word' id='word_1_42' title='bbox 1219 1191 1285 1266; x_wconf 82' lang='lat' dir='ltr'><strong>Ae-</strong></span> 
     </span>
     <span class='ocr_line' id='line_1_8' title="bbox 132 1310 1285 1413; baseline 0.006 -34"><span class='ocrx_word' id='word_1_43' title='bbox 132 1323 274 1410; x_wconf 77' lang='lat' dir='ltr'><strong>gypto,</strong></span> <span class='ocrx_word' id='word_1_44' title='bbox 302 1329 344 1385; x_wconf 93' lang='lat' dir='ltr'><strong>ut</strong></span> <span class='ocrx_word' id='word_1_45' title='bbox 368 1310 445 1385; x_wconf 87' lang='lat' dir='ltr'><strong>eius</strong></span> <span class='ocrx_word' id='word_1_46' title='bbox 471 1325 612 1386; x_wconf 81' lang='lat' dir='ltr'><strong>textum</strong></span> <span class='ocrx_word' id='word_1_47' title='bbox 638 1327 778 1386; x_wconf 87' lang='lat' dir='ltr'><strong>ceterae</strong></span> <span class='ocrx_word' id='word_1_48' title='bbox 803 1311 1012 1413; x_wconf 82' lang='lat' dir='ltr'><strong>prouinciae</strong></span> <span class='ocrx_word' id='word_1_49' title='bbox 1038 1325 1285 1411; x_wconf 75' lang='lat' dir='ltr'><strong>sequerentur.</strong></span> 
     </span>
     <span class='ocr_line' id='line_1_9' title="bbox 132 1425 1285 1527; baseline -0.002 -27"><span class='ocrx_word' id='word_1_50' title='bbox 132 1427 252 1527; x_wconf 81' lang='lat' dir='ltr'><strong>Atqui</strong></span> <span class='ocrx_word' id='word_1_51' title='bbox 281 1425 329 1500; x_wconf 83' lang='lat' dir='ltr'><strong>ah</strong></span> <span class='ocrx_word' id='word_1_52' title='bbox 357 1426 600 1504; x_wconf 81' lang='lat' dir='ltr'><strong>Alexandrino</strong></span> <span class='ocrx_word' id='word_1_53' title='bbox 629 1427 845 1504; x_wconf 86' lang='lat' dir='ltr'><strong>dissentiunt</strong></span> <span class='ocrx_word' id='word_1_54' title='bbox 872 1431 1055 1508; x_wconf 83' lang='lat' dir='ltr'><strong>versiones</strong></span> <span class='ocrx_word' id='word_1_55' title='bbox 1090 1426 1285 1527; x_wconf 89' lang='lat' dir='ltr'><strong>Copticae,</strong></span> 
     </span>
     <span class='ocr_line' id='line_1_10' title="bbox 133 1529 1285 1648; baseline -0.002 -31"><span class='ocrx_word' id='word_1_56' title='bbox 133 1559 215 1618; x_wconf 83' lang='lat' dir='ltr'><strong>tum</strong></span> <span class='ocrx_word' id='word_1_57' title='bbox 230 1544 468 1646; x_wconf 82' lang='lat' dir='ltr'><strong>Memphitica</strong></span> <span class='ocrx_word' id='word_1_58' title='bbox 484 1544 649 1622; x_wconf 83' lang='lat' dir='ltr'><strong>dissentit</strong></span> <span class='ocrx_word' id='word_1_59' title='bbox 666 1573 687 1620; x_wconf 90' lang='lat' dir='ltr'><strong>a</strong></span> <span class='ocrx_word' id='word_1_60' title='bbox 705 1544 898 1640; x_wconf 80' lang='lat' dir='ltr'><strong>Thchana3</strong></span> <span class='ocrx_word' id='word_1_61' title='bbox 916 1547 1054 1648; x_wconf 87' lang='lat' dir='ltr'><strong>species</strong></span> <span class='ocrx_word' id='word_1_62' title='bbox 1073 1547 1182 1646; x_wconf 78' lang='lat' dir='ltr'><strong>igitur</strong></span> <span class='ocrx_word' id='word_1_63' title='bbox 1199 1529 1285 1622; x_wconf 83' lang='lat' dir='ltr'><strong>sunt</strong></span> 
     </span>
     <span class='ocr_line' id='line_1_11' title="bbox 132 1660 1284 1766; baseline -0.001 -31"><span class='ocrx_word' id='word_1_64' title='bbox 132 1660 378 1736; x_wconf 78' lang='lat' dir='ltr'><strong>admittendae</strong></span> <span class='ocrx_word' id='word_1_65' title='bbox 402 1664 441 1736; x_wconf 91' lang='lat' dir='ltr'><strong>in</strong></span> <span class='ocrx_word' id='word_1_66' title='bbox 463 1664 643 1766; x_wconf 78' lang='lat' dir='ltr'><strong>Aegyptia</strong></span> <span class='ocrx_word' id='word_1_67' title='bbox 667 1663 826 1757; x_wconf 79' lang='lat' dir='ltr'><strong>familia,</strong></span> <span class='ocrx_word' id='word_1_68' title='bbox 846 1690 888 1737; x_wconf 91' lang='lat' dir='ltr'><strong>ac</strong></span> <span class='ocrx_word' id='word_1_69' title='bbox 907 1663 1178 1766; x_wconf 79' lang='lat' dir='ltr'><strong>diligentissime</strong></span> <span class='ocrx_word' id='word_1_70' title='bbox 1198 1687 1284 1763; x_wconf 88' lang='lat' dir='ltr'><strong>per-</strong></span> 
     </span>
     <span class='ocr_line' id='line_1_12' title="bbox 133 1765 1287 1884; baseline -0.001 -31"><span class='ocrx_word' id='word_1_71' title='bbox 133 1778 373 1880; x_wconf 54' lang='lat' dir='ltr'><strong>pendendae..</strong></span> <span class='ocrx_word' id='word_1_72' title='bbox 388 1781 478 1874; x_wconf 83' lang='lat' dir='ltr'><strong>Quis</strong></span> <span class='ocrx_word' id='word_1_73' title='bbox 503 1807 594 1855; x_wconf 88' lang='lat' dir='ltr'><strong>vero</strong></span> <span class='ocrx_word' id='word_1_74' title='bbox 617 1765 820 1884; x_wconf 83' lang='lat' dir='ltr'><strong>perpendat</strong></span> <span class='ocrx_word' id='word_1_75' title='bbox 845 1779 1074 1873; x_wconf 81' lang='lat' dir='ltr'><strong>Thebanam,</strong></span> <span class='ocrx_word' id='word_1_76' title='bbox 1090 1782 1192 1856; x_wconf 87' lang='lat' dir='ltr'><strong>cuins</strong></span> <span class='ocrx_word' id='word_1_77' title='bbox 1213 1805 1287 1854; x_wconf 91' lang='lat' dir='ltr'><strong>non</strong></span> 
     </span>
     <span class='ocr_line' id='line_1_13' title="bbox 132 1895 1292 1999; baseline -0.004 -30"><span class='ocrx_word' id='word_1_78' title='bbox 132 1895 249 1970; x_wconf 87' lang='lat' dir='ltr'><strong>multa</strong></span> <span class='ocrx_word' id='word_1_79' title='bbox 284 1896 482 1999; x_wconf 73' lang='lat' dir='ltr'><strong>fragmenta</strong></span> <span class='ocrx_word' id='word_1_80' title='bbox 512 1899 605 1974; x_wconf 86' lang='lat' dir='ltr'><strong>Novi</strong></span> <span class='ocrx_word' id='word_1_81' title='bbox 638 1899 862 1976; x_wconf 77' lang='lat' dir='ltr'><strong>Testamenti</strong></span> <span class='ocrx_word' id='word_1_82' title='bbox 894 1897 1151 1976; x_wconf 77' lang='lat' dir='ltr'><strong>imroteacuati</strong></span> <span class='ocrx_word' id='word_1_83' title='bbox 1189 1897 1292 1970; x_wconf 88' lang='lat' dir='ltr'><strong>Hinc.</strong></span> 
     </span>
     <span class='ocr_line' id='line_1_14' title="bbox 133 2013 1286 2116; baseline -0.003 -29"><span class='ocrx_word' id='word_1_84' title='bbox 133 2028 238 2115; x_wconf 87' lang='lat' dir='ltr'><strong>patet</strong></span> <span class='ocrx_word' id='word_1_85' title='bbox 267 2017 464 2092; x_wconf 79' lang='lat' dir='ltr'><strong>necessitas</strong></span> <span class='ocrx_word' id='word_1_86' title='bbox 492 2015 625 2092; x_wconf 88' lang='lat' dir='ltr'><strong>edendi</strong></span> <span class='ocrx_word' id='word_1_87' title='bbox 657 2017 885 2093; x_wconf 80' lang='lat' dir='ltr'><strong>membranas</strong></span> <span class='ocrx_word' id='word_1_88' title='bbox 916 2013 1097 2092; x_wconf 88' lang='lat' dir='ltr'><strong>Sahidieas</strong></span> <span class='ocrx_word' id='word_1_89' title='bbox 1134 2013 1286 2116; x_wconf 78' lang='lat' dir='ltr'><strong>collegit</strong></span> 
     </span>
     <span class='ocr_line' id='line_1_15' title="bbox 127 2131 1284 2239; baseline -0.006 -31"><span class='ocrx_word' id='word_1_90' title='bbox 127 2131 413 2234; x_wconf 73' lang='lat' dir='ltr'><strong>Propagandae,</strong></span> <span class='ocrx_word' id='word_1_91' title='bbox 437 2151 478 2209; x_wconf 88' lang='lat' dir='ltr'><strong>ut</strong></span> <span class='ocrx_word' id='word_1_92' title='bbox 503 2136 678 2239; x_wconf 74' lang='lat' dir='ltr'><strong>Aegyptia</strong></span> <span class='ocrx_word' id='word_1_93' title='bbox 693 2134 830 2210; x_wconf 86' lang='lat' dir='ltr'><strong>familia</strong></span> <span class='ocrx_word' id='word_1_94' title='bbox 845 2149 947 2216; x_wconf 82' lang='lat' dir='ltr'><strong>recte</strong></span> <span class='ocrx_word' id='word_1_95' title='bbox 965 2133 1145 2212; x_wconf 90' lang='lat' dir='ltr'><strong>aestimari</strong></span> <span class='ocrx_word' id='word_1_96' title='bbox 1163 2132 1284 2234; x_wconf 90' lang='lat' dir='ltr'><strong>possit.</strong></span> 
     </span>
     <span class='ocr_line' id='line_1_16' title="bbox 134 2251 1287 2356; baseline 0.003 -34"><span class='ocrx_word' id='word_1_97' title='bbox 134 2251 278 2326; x_wconf 83' lang='lat' dir='ltr'><strong>Scimus</strong></span> <span class='ocrx_word' id='word_1_98' title='bbox 314 2251 560 2355; x_wconf 85' lang='lat' dir='ltr'><strong>Hesychium‚</strong></span> <span class='ocrx_word' id='word_1_99' title='bbox 593 2269 677 2330; x_wconf 88' lang='lat' dir='ltr'><strong>aute</strong></span> <span class='ocrx_word' id='word_1_100' title='bbox 707 2253 920 2356; x_wconf 78' lang='lat' dir='ltr'><strong>Hieronymi</strong></span> <span class='ocrx_word' id='word_1_101' title='bbox 948 2265 1106 2329; x_wconf 81' lang='lat' dir='ltr'><strong>aetatem</strong></span> <span class='ocrx_word' id='word_1_102' title='bbox 1117 2307 1130 2344; x_wconf 93' lang='lat'><em>‚</em></span> <span class='ocrx_word' id='word_1_103' title='bbox 1158 2276 1287 2326; x_wconf 51' lang='lat' dir='ltr'><strong>recena</strong></span> 
     </span>
     <span class='ocr_line' id='line_1_17' title="bbox 133 2367 1287 2458; baseline -0.001 -18"><span class='ocrx_word' id='word_1_104' title='bbox 133 2369 249 2442; x_wconf 90' lang='lat' dir='ltr'><strong>suisse</strong></span> <span class='ocrx_word' id='word_1_105' title='bbox 269 2384 408 2450; x_wconf 77' lang='lat' dir='ltr'><strong>textum</strong></span> <span class='ocrx_word' id='word_1_106' title='bbox 427 2372 606 2446; x_wconf 84' lang='lat' dir='ltr'><strong>Graecum</strong></span> <span class='ocrx_word' id='word_1_107' title='bbox 624 2369 669 2446; x_wconf 88' lang='lat' dir='ltr'><strong>ad</strong></span> <span class='ocrx_word' id='word_1_108' title='bbox 688 2395 792 2444; x_wconf 86' lang='lat' dir='ltr'><strong>nsum</strong></span> <span class='ocrx_word' id='word_1_109' title='bbox 808 2370 995 2446; x_wconf 84' lang='lat' dir='ltr'><strong>Ecclesiae</strong></span> <span class='ocrx_word' id='word_1_110' title='bbox 1011 2367 1287 2458; x_wconf 60' lang='lat' dir='ltr'><strong>Alexandrinam</strong></span> 
     </span>
     <span class='ocr_line' id='line_1_18' title="bbox 134 2485 1290 2590; baseline -0.001 -33"><span class='ocrx_word' id='word_1_111' title='bbox 134 2485 398 2586; x_wconf 87' lang='lat' dir='ltr'><strong>inquirendum</strong></span> <span class='ocrx_word' id='word_1_112' title='bbox 423 2513 534 2590; x_wconf 85' lang='lat' dir='ltr'><strong>perro</strong></span> <span class='ocrx_word' id='word_1_113' title='bbox 551 2487 667 2581; x_wconf 84' lang='lat' dir='ltr'><strong>foret,</strong></span> <span class='ocrx_word' id='word_1_114' title='bbox 682 2505 808 2565; x_wconf 87' lang='lat' dir='ltr'><strong>utrum</strong></span> <span class='ocrx_word' id='word_1_115' title='bbox 825 2489 997 2590; x_wconf 80' lang='lat' dir='ltr'><strong>Copticae</strong></span> <span class='ocrx_word' id='word_1_116' title='bbox 1013 2490 1200 2590; x_wconf 76' lang='lat' dir='ltr'><strong>¹versiones</strong></span> <span class='ocrx_word' id='word_1_117' title='bbox 1215 2486 1290 2560; x_wconf 87' lang='lat' dir='ltr'><strong>sint</strong></span> 
     </span>
     <span class='ocr_line' id='line_1_19' title="bbox 133 2603 1289 2710; baseline 0 -34"><span class='ocrx_word' id='word_1_118' title='bbox 133 2604 275 2703; x_wconf 90' lang='lat' dir='ltr'><strong>species</strong></span> <span class='ocrx_word' id='word_1_119' title='bbox 290 2603 658 2709; x_wconf 83' lang='lat' dir='ltr'><strong>Hesychianitextus‚</strong></span> <span class='ocrx_word' id='word_1_120' title='bbox 677 2635 723 2682; x_wconf 91' lang='lat' dir='ltr'><strong>an</strong></span> <span class='ocrx_word' id='word_1_121' title='bbox 743 2632 874 2710; x_wconf 82' lang='lat' dir='ltr'><strong>genera</strong></span> <span class='ocrx_word' id='word_1_122' title='bbox 892 2605 999 2708; x_wconf 77' lang='lat' dir='ltr'><strong>plarm</strong></span> <span class='ocrx_word' id='word_1_123' title='bbox 1019 2603 1178 2694; x_wconf 79' lang='lat' dir='ltr'><strong>diuersa,</strong></span> <span class='ocrx_word' id='word_1_124' title='bbox 1193 2603 1289 2676; x_wconf 88' lang='lat' dir='ltr'><strong>unde</strong></span> 
     </span>
     <span class='ocr_line' id='line_1_20' title="bbox 133 2721 1291 2828; baseline -0.001 -35"><span class='ocrx_word' id='word_1_125' title='bbox 133 2722 246 2795; x_wconf 84' lang='lat' dir='ltr'><strong>etiam</strong></span> <span class='ocrx_word' id='word_1_126' title='bbox 276 2725 430 2796; x_wconf 83' lang='lat' dir='ltr'><strong>maxima</strong></span> <span class='ocrx_word' id='word_1_127' title='bbox 460 2724 521 2798; x_wconf 83' lang='lat' dir='ltr'><strong>lux</strong></span> <span class='ocrx_word' id='word_1_128' title='bbox 552 2725 744 2828; x_wconf 78' lang='lat' dir='ltr'><strong>affulgeret</strong></span> <span class='ocrx_word' id='word_1_129' title='bbox 774 2726 975 2828; x_wconf 85' lang='lat' dir='ltr'><strong>quaestioni</strong></span> <span class='ocrx_word' id='word_1_130' title='bbox 1007 2724 1051 2798; x_wconf 90' lang='lat' dir='ltr'><strong>de</strong></span> <span class='ocrx_word' id='word_1_131' title='bbox 1077 2721 1291 2822; x_wconf 83' lang='lat' dir='ltr'><strong>antiquitate</strong></span> 
     </span>
     <span class='ocr_line' id='line_1_21' title="bbox 132 2837 1289 2943; baseline -0.001 -32"><span class='ocrx_word' id='word_1_132' title='bbox 132 2842 323 2943; x_wconf 86' lang='lat' dir='ltr'><strong>utriusque</strong></span> <span class='ocrx_word' id='word_1_133' title='bbox 350 2842 531 2916; x_wconf 77' lang='lat' dir='ltr'><strong>versionis</strong></span> <span class='ocrx_word' id='word_1_134' title='bbox 553 2844 746 2923; x_wconf 85' lang='lat' dir='ltr'><strong>Praeterea</strong></span> <span class='ocrx_word' id='word_1_135' title='bbox 774 2867 915 2917; x_wconf 86' lang='lat' dir='ltr'><strong>summa</strong></span> <span class='ocrx_word' id='word_1_136' title='bbox 946 2867 1035 2918; x_wconf 81' lang='lat' dir='ltr'><strong>eura</strong></span> <span class='ocrx_word' id='word_1_137' title='bbox 1063 2837 1289 2940; x_wconf 79' lang='lat' dir='ltr'><strong>colligendae</strong></span> 
     </span>
     <span class='ocr_line' id='line_1_22' title="bbox 133 2953 1289 3063; baseline -0.003 -33"><span class='ocrx_word' id='word_1_138' title='bbox 133 2975 259 3032; x_wconf 88' lang='lat' dir='ltr'><strong>essent</strong></span> <span class='ocrx_word' id='word_1_139' title='bbox 282 2962 473 3038; x_wconf 84' lang='lat' dir='ltr'><strong>varietates</strong></span> <span class='ocrx_word' id='word_1_140' title='bbox 497 2961 664 3034; x_wconf 59' lang='lat' dir='ltr'><strong>muenia</strong></span> <span class='ocrx_word' id='word_1_141' title='bbox 687 2985 771 3038; x_wconf 78' lang='lat' dir='ltr'><strong>etun</strong></span> <span class='ocrx_word' id='word_1_142' title='bbox 795 2959 1050 3063; x_wconf 86' lang='lat' dir='ltr'><strong>Memphitiei,</strong></span> <span class='ocrx_word' id='word_1_143' title='bbox 1084 2971 1163 3032; x_wconf 84' lang='lat' dir='ltr'><strong>tum</strong></span> <span class='ocrx_word' id='word_1_144' title='bbox 1190 2953 1289 3030; x_wconf 88' lang='lat' dir='ltr'><strong>Sahi-</strong></span> 
     </span>
     <span class='ocr_line' id='line_1_23' title="bbox 134 3074 1290 3182; baseline -0.002 -34"><span class='ocrx_word' id='word_1_145' title='bbox 134 3074 210 3148; x_wconf 87' lang='lat' dir='ltr'><strong>dici</strong></span> <span class='ocrx_word' id='word_1_146' title='bbox 235 3093 375 3173; x_wconf 84' lang='lat' dir='ltr'><strong>textus,</strong></span> <span class='ocrx_word' id='word_1_147' title='bbox 407 3095 451 3152; x_wconf 89' lang='lat' dir='ltr'><strong>ut</strong></span> <span class='ocrx_word' id='word_1_148' title='bbox 482 3079 663 3153; x_wconf 87' lang='lat' dir='ltr'><strong>aestimari</strong></span> <span class='ocrx_word' id='word_1_149' title='bbox 694 3091 842 3182; x_wconf 90' lang='lat' dir='ltr'><strong>possent</strong></span> <span class='ocrx_word' id='word_1_150' title='bbox 873 3075 1172 3164; x_wconf 78' lang='lat' dir='ltr'><strong>emendatioueS,</strong></span> <span class='ocrx_word' id='word_1_151' title='bbox 1201 3099 1290 3176; x_wconf 88' lang='lat' dir='ltr'><strong>quas</strong></span> 
     </span>
     <span class='ocr_line' id='line_1_24' title="bbox 132 3196 621 3292; baseline 0.006 -27"><span class='ocrx_word' id='word_1_152' title='bbox 132 3196 318 3292; x_wconf 86' lang='lat' dir='ltr'><strong>posterior</strong></span> <span class='ocrx_word' id='word_1_153' title='bbox 341 3211 438 3272; x_wconf 78' lang='lat' dir='ltr'><strong>aetas</strong></span> <span class='ocrx_word' id='word_1_154' title='bbox 465 3196 621 3272; x_wconf 82' lang='lat' dir='ltr'><strong>induxit.</strong></span> 
     </span>
    </p>

    <p class='ocr_par' dir='ltr' id='par_1_2' title="bbox 127 3309 1308 4560">
     <span class='ocr_line' id='line_1_25' title="bbox 188 3309 1291 3396; baseline -0.001 -13"><span class='ocrx_word' id='word_1_155' title='bbox 188 3313 241 3385; x_wconf 83' lang='lat' dir='ltr'><strong>Ex</strong></span> <span class='ocrx_word' id='word_1_156' title='bbox 265 3315 441 3388; x_wconf 80' lang='lat' dir='ltr'><strong>versionis</strong></span> <span class='ocrx_word' id='word_1_157' title='bbox 466 3313 655 3396; x_wconf 85' lang='lat' dir='ltr'><strong>Sahidicae</strong></span> <span class='ocrx_word' id='word_1_158' title='bbox 682 3310 854 3394; x_wconf 71' lang='lat' dir='ltr'><strong>editione,</strong></span> <span class='ocrx_word' id='word_1_159' title='bbox 876 3336 950 3385; x_wconf 88' lang='lat' dir='ltr'><strong>non</strong></span> <span class='ocrx_word' id='word_1_160' title='bbox 985 3326 1127 3387; x_wconf 84' lang='lat' dir='ltr'><strong>tanturn</strong></span> <span class='ocrx_word' id='word_1_161' title='bbox 1160 3309 1291 3384; x_wconf 81' lang='lat' dir='ltr'><strong>critica</strong></span> 
     </span>
     <span class='ocr_line' id='line_1_26' title="bbox 134 3425 1289 3531; baseline -0.003 -31"><span class='ocrx_word' id='word_1_162' title='bbox 134 3431 231 3501; x_wconf 88' lang='lat' dir='ltr'><strong>sacri</strong></span> <span class='ocrx_word' id='word_1_163' title='bbox 256 3444 372 3505; x_wconf 82' lang='lat' dir='ltr'><strong>textus</strong></span> <span class='ocrx_word' id='word_1_164' title='bbox 397 3429 606 3531; x_wconf 86' lang='lat' dir='ltr'><strong>proficeret,</strong></span> <span class='ocrx_word' id='word_1_165' title='bbox 625 3428 690 3504; x_wconf 84' lang='lat' dir='ltr'><strong>sed</strong></span> <span class='ocrx_word' id='word_1_166' title='bbox 708 3431 821 3503; x_wconf 89' lang='lat' dir='ltr'><strong>etiam</strong></span> <span class='ocrx_word' id='word_1_167' title='bbox 838 3430 986 3529; x_wconf 90' lang='lat' dir='ltr'><strong>Coptica</strong></span> <span class='ocrx_word' id='word_1_168' title='bbox 1006 3427 1139 3528; x_wconf 77' lang='lat' dir='ltr'><strong>lingua.</strong></span> <span class='ocrx_word' id='word_1_169' title='bbox 1160 3425 1289 3497; x_wconf 84' lang='lat' dir='ltr'><strong>Enim·</strong></span> 
     </span>
     <span class='ocr_line' id='line_1_27' title="bbox 133 3541 1289 3649; baseline -0.003 -33"><span class='ocrx_word' id='word_1_170' title='bbox 133 3568 224 3618; x_wconf 85' lang='lat' dir='ltr'><strong>vero</strong></span> <span class='ocrx_word' id='word_1_171' title='bbox 250 3547 476 3649; x_wconf 88' lang='lat' dir='ltr'><strong>Memphitici</strong></span> <span class='ocrx_word' id='word_1_172' title='bbox 515 3547 659 3622; x_wconf 91' lang='lat' dir='ltr'><strong>codices</strong></span> <span class='ocrx_word' id='word_1_173' title='bbox 697 3561 841 3621; x_wconf 90' lang='lat' dir='ltr'><strong>scatent</strong></span> <span class='ocrx_word' id='word_1_174' title='bbox 876 3545 1068 3646; x_wconf 89' lang='lat' dir='ltr'><strong>permultis</strong></span> <span class='ocrx_word' id='word_1_175' title='bbox 1105 3541 1289 3615; x_wconf 84' lang='lat' dir='ltr'><strong>vocabulis</strong></span> 
     </span>
     <span class='ocr_line' id='line_1_28' title="bbox 134 3661 1290 3765; baseline -0.007 -29"><span class='ocrx_word' id='word_1_176' title='bbox 134 3666 298 3764; x_wconf 78' lang='lat' dir='ltr'><strong>graecis3</strong></span> <span class='ocrx_word' id='word_1_177' title='bbox 323 3680 450 3738; x_wconf 88' lang='lat' dir='ltr'><strong>contra</strong></span> <span class='ocrx_word' id='word_1_178' title='bbox 474 3664 636 3738; x_wconf 86' lang='lat' dir='ltr'><strong>Thebani</strong></span> <span class='ocrx_word' id='word_1_179' title='bbox 662 3689 768 3765; x_wconf 87' lang='lat' dir='ltr'><strong>saepe</strong></span> <span class='ocrx_word' id='word_1_180' title='bbox 794 3661 931 3741; x_wconf 90' lang='lat' dir='ltr'><strong>habent</strong></span> <span class='ocrx_word' id='word_1_181' title='bbox 950 3663 1144 3764; x_wconf 81' lang='lat' dir='ltr'><strong>Aegyptias</strong></span> <span class='ocrx_word' id='word_1_182' title='bbox 1162 3683 1290 3752; x_wconf 83' lang='lat' dir='ltr'><strong>voees,</strong></span> 
     </span>
     <span class='ocr_line' id='line_1_29' title="bbox 135 3779 1292 3883; baseline -0.004 -32"><span class='ocrx_word' id='word_1_183' title='bbox 135 3782 196 3852; x_wconf 82' lang='lat' dir='ltr'><strong>sic·</strong></span> <span class='ocrx_word' id='word_1_184' title='bbox 216 3781 280 3854; x_wconf 92' lang='lat' dir='ltr'><strong>ubi</strong></span> <span class='ocrx_word' id='word_1_185' title='bbox 305 3807 406 3876; x_wconf 84' lang='lat' dir='ltr'><strong>aves,</strong></span> <span class='ocrx_word' id='word_1_186' title='bbox 433 3782 599 3874; x_wconf 90' lang='lat' dir='ltr'><strong>arbores,</strong></span> <span class='ocrx_word' id='word_1_187' title='bbox 615 3781 814 3856; x_wconf 89' lang='lat' dir='ltr'><strong>domestica</strong></span> <span class='ocrx_word' id='word_1_188' title='bbox 833 3779 1039 3883; x_wconf 81' lang='lat' dir='ltr'><strong>suppellex,</strong></span> <span class='ocrx_word' id='word_1_189' title='bbox 1053 3781 1292 3852; x_wconf 88' lang='lat' dir='ltr'><strong>instrumenta</strong></span> 
     </span>
     <span class='ocr_line' id='line_1_30' title="bbox 134 3900 1289 4000; baseline -0.003 -32"><span class='ocrx_word' id='word_1_190' title='bbox 134 3900 297 3989; x_wconf 87' lang='lat' dir='ltr'><strong>artium,</strong></span> <span class='ocrx_word' id='word_1_191' title='bbox 336 3927 377 3972; x_wconf 88' lang='lat' dir='ltr'><strong>ac</strong></span> <span class='ocrx_word' id='word_1_192' title='bbox 419 3901 552 3980; x_wconf 87' lang='lat' dir='ltr'><strong>similia</strong></span> <span class='ocrx_word' id='word_1_193' title='bbox 581 3901 620 3972; x_wconf 91' lang='lat' dir='ltr'><strong>in</strong></span> <span class='ocrx_word' id='word_1_194' title='bbox 651 3925 784 4000; x_wconf 81' lang='lat' dir='ltr'><strong>graeco</strong></span> <span class='ocrx_word' id='word_1_195' title='bbox 809 3912 912 3971; x_wconf 82' lang='lat' dir='ltr'><strong>testu</strong></span> <span class='ocrx_word' id='word_1_196' title='bbox 937 3910 1289 3984; x_wconf 88' lang='lat' dir='ltr'><strong>commemorantur,</strong></span> 
     </span>
     <span class='ocr_line' id='line_1_31' title="bbox 132 4011 1291 4117; baseline -0.005 -27"><span class='ocrx_word' id='word_1_197' title='bbox 132 4019 280 4117; x_wconf 89' lang='lat' dir='ltr'><strong>saepius</strong></span> <span class='ocrx_word' id='word_1_198' title='bbox 306 4019 344 4090; x_wconf 91' lang='lat' dir='ltr'><strong>in</strong></span> <span class='ocrx_word' id='word_1_199' title='bbox 365 4033 464 4090; x_wconf 79' lang='lat' dir='ltr'><strong>textu</strong></span> <span class='ocrx_word' id='word_1_200' title='bbox 480 4015 672 4110; x_wconf 80' lang='lat' dir='ltr'><strong>Thebano,</strong></span> <span class='ocrx_word' id='word_1_201' title='bbox 685 4043 794 4116; x_wconf 88' lang='lat' dir='ltr'><strong>quam</strong></span> <span class='ocrx_word' id='word_1_202' title='bbox 811 4018 848 4088; x_wconf 92' lang='lat' dir='ltr'><strong>in</strong></span> <span class='ocrx_word' id='word_1_203' title='bbox 863 4011 1117 4114; x_wconf 84' lang='lat' dir='ltr'><strong>Memphitica,</strong></span> <span class='ocrx_word' id='word_1_204' title='bbox 1130 4011 1291 4112; x_wconf 86' lang='lat' dir='ltr'><strong>reperies</strong></span> 
     </span>
     <span class='ocr_line' id='line_1_32' title="bbox 132 4129 1292 4230; baseline -0.003 -26"><span class='ocrx_word' id='word_1_205' title='bbox 132 4136 348 4208; x_wconf 88' lang='lat' dir='ltr'><strong>vernaculas</strong></span> <span class='ocrx_word' id='word_1_206' title='bbox 359 4159 477 4208; x_wconf 78' lang='lat' dir='ltr'><strong>voces.</strong></span> <span class='ocrx_word' id='word_1_207' title='bbox 493 4133 548 4208; x_wconf 81' lang='lat' dir='ltr'><strong>Ad</strong></span> <span class='ocrx_word' id='word_1_208' title='bbox 562 4132 650 4208; x_wconf 88' lang='lat' dir='ltr'><strong>haec</strong></span> <span class='ocrx_word' id='word_1_209' title='bbox 668 4132 844 4206; x_wconf 88' lang='lat' dir='ltr'><strong>dialectus</strong></span> <span class='ocrx_word' id='word_1_210' title='bbox 863 4131 1027 4205; x_wconf 88' lang='lat' dir='ltr'><strong>Sahidica</strong></span> <span class='ocrx_word' id='word_1_211' title='bbox 1041 4144 1165 4230; x_wconf 87' lang='lat' dir='ltr'><strong>utpote</strong></span> <span class='ocrx_word' id='word_1_212' title='bbox 1178 4129 1292 4230; x_wconf 80' lang='lat' dir='ltr'><strong>magis</strong></span> 
     </span>
     <span class='ocr_line' id='line_1_33' title="bbox 130 4245 1292 4352; baseline -0.007 -28"><span class='ocrx_word' id='word_1_213' title='bbox 130 4249 311 4350; x_wconf 83' lang='lat' dir='ltr'><strong>regularis</strong></span> <span class='ocrx_word' id='word_1_214' title='bbox 337 4269 445 4352; x_wconf 89' lang='lat' dir='ltr'><strong>atque</strong></span> <span class='ocrx_word' id='word_1_215' title='bbox 472 4249 517 4326; x_wconf 87' lang='lat' dir='ltr'><strong>ad</strong></span> <span class='ocrx_word' id='word_1_216' title='bbox 545 4250 743 4352; x_wconf 82' lang='lat' dir='ltr'><strong>analogiam</strong></span> <span class='ocrx_word' id='word_1_217' title='bbox 776 4263 898 4328; x_wconf 84' lang='lat' dir='ltr'><strong>exacta</strong></span> <span class='ocrx_word' id='word_1_218' title='bbox 933 4245 1098 4326; x_wconf 87' lang='lat' dir='ltr'><strong>habenda</strong></span> <span class='ocrx_word' id='word_1_219' title='bbox 1122 4260 1178 4319; x_wconf 87' lang='lat' dir='ltr'><strong>est</strong></span> <span class='ocrx_word' id='word_1_220' title='bbox 1203 4261 1292 4317; x_wconf 88' lang='lat' dir='ltr'><strong>tam-</strong></span> 
     </span>
     <span class='ocr_line' id='line_1_34' title="bbox 127 4362 1308 4470; baseline -0.008 -29"><span class='ocrx_word' id='word_1_221' title='bbox 127 4395 246 4470; x_wconf 85' lang='lat' dir='ltr'><strong>quam</strong></span> <span class='ocrx_word' id='word_1_222' title='bbox 273 4371 456 4470; x_wconf 87' lang='lat' dir='ltr'><strong>exemplar</strong></span> <span class='ocrx_word' id='word_1_223' title='bbox 482 4369 628 4470; x_wconf 90' lang='lat' dir='ltr'><strong>Coptici</strong></span> <span class='ocrx_word' id='word_1_224' title='bbox 653 4368 827 4442; x_wconf 87' lang='lat' dir='ltr'><strong>sermonis</strong></span> <span class='ocrx_word' id='word_1_225' title='bbox 844 4397 852 4459; x_wconf 82' lang='lat'>3</span> <span class='ocrx_word' id='word_1_226' title='bbox 872 4365 1107 4466; x_wconf 84' lang='lat' dir='ltr'><strong>Memphitica</strong></span> <span class='ocrx_word' id='word_1_227' title='bbox 1127 4363 1223 4436; x_wconf 87' lang='lat' dir='ltr'><strong>enim</strong></span> <span class='ocrx_word' id='word_1_228' title='bbox 1244 4362 1308 4460; x_wconf 80' lang='lat' dir='ltr'><strong>oh¹</strong></span> 
     </span>
     <span class='ocr_line' id='line_1_35' title="bbox 127 4477 1291 4560; baseline -0.009 0"><span class='ocrx_word' id='word_1_229' title='bbox 127 4485 464 4560; x_wconf 85' lang='lat' dir='ltr'><strong>Alexandrinorum</strong></span> <span class='ocrx_word' id='word_1_230' title='bbox 489 4488 706 4560; x_wconf 84' lang='lat' dir='ltr'><strong>vicinitatem</strong></span> <span class='ocrx_word' id='word_1_231' title='bbox 734 4487 908 4559; x_wconf 81' lang='lat' dir='ltr'><strong>citiusne</strong></span> <span class='ocrx_word' id='word_1_232' title='bbox 937 4482 1074 4556; x_wconf 81' lang='lat' dir='ltr'><strong>facilius</strong></span> <span class='ocrx_word' id='word_1_233' title='bbox 1101 4477 1246 4556; x_wconf 76' lang='lat' dir='ltr'><strong>deterit</strong></span> <span class='ocrx_word' id='word_1_234' title='bbox 1271 4507 1291 4550; x_wconf 90' lang='lat' dir='ltr'><strong>a</strong></span> 
     </span>
    </p>
   </div>
   <div class='ocr_carea' id='block_1_2' title="bbox 0 0 1628 5250">
    <p class='ocr_par' dir='ltr' id='par_1_3' title="bbox 0 0 1628 5250">
     <span class='ocr_line' id='line_1_36' title="bbox 0 0 1628 5250; baseline 0 0"><span class='ocrx_word' id='word_1_235' title='bbox 0 0 1628 5250; x_wconf 95' lang='lat' dir='ltr'><strong> </strong></span> 
     </span>
    </p>
   </div>
  </div>
 </body>
</html>
