3244 5250
324 442 373 487 xu
439 481 441 486 ,

372 527 509 605 Eodem
535 555 654 620 anno,
681 555 754 629 quo
781 526 891 601 Tuk'ti
916 526 1124 603 rudimenta
1142 530 1278 604 Romae
1295 529 1334 604 in
1351 530 1475 606 lucem

317 665 528 739 venerunt,
554 645 690 747 prodiit
714 647 841 719 Oxonii
868 645 1067 719 Christiani
1082 645 1213 720 Schola
1231 649 1491 744 Grammatico

283 807 286 811 ·
324 769 502 867 Aegyptia
529 769 717 865 utriusque
741 764 907 855 dialecti,
932 789 1043 864 quom
1065 763 1247 858 breviavit,
1264 770 1473 857 illustravit,

324 885 434 956 edidit
458 887 549 955 Car.
579 877 729 982 Godcsr.
757 881 914 972 Woide3
939 905 1046 981 quem
1078 881 1213 954 librum
1242 882 1325 956 satis
1350 881 1472 956 lauda·

323 1029 411 1075 vero
437 1002 467 1074 si
494 999 606 1072 dicam
621 987 638 1090 ‚⁴
660 998 715 1071 vel
740 1013 863 1070 nostra
890 1013 1006 1069 aetate
1033 1025 1055 1068 a
1069 993 1224 1072 *nemine
1244 997 1353 1072 fuisse
1368 1023 1473 1100 supe·

323 1133 465 1210 ratum)
492 1142 532 1188 ac
557 1117 690 1215 primas
717 1113 847 1187 merito
873 1129 1009 1187 tenere.
1027 1111 1180 1188 Scholzii
1198 1115 1368 1189 volumen
1385 1133 1479 1189 Που-Δ

323 1235 410 1306 dum
425 1233 581 1306 ¹viderat
615 1231 802 1324 Celusius,
836 1227 948 1332 quum
979 1256 1074 1305 anno
1110 1226 1203 1334 1'7‘83
1235 1234 1473 1319 Litteraturae

325 1355 494 1452 Copticne
517 1351 773 1422 Rudimentnm
799 1351 953 1422 Parmae
977 1345 1155 1450 vulgabat
1188 1351 1359 1450 Copticos
1384 1349 1470 1448 chaf

323 1485 482 1540 meteres
518 1464 686 1539 exhibere
718 1461 967 1538 tantummodo
998 1466 1252 1566 praestituerat
1277 1465 1471 1556 calasius,

323 1585 390 1672 sed
412 1583 572 1660 Bodonio
599 1610 643 1674 ac
657 1584 828 1656 Derossio
848 1581 1113 1682 gratificaturus
1129 1582 1271 1682 linguae
1286 1599 1473 1684 praeterea

324 1704 502 1775 elementa
518 1729 559 1774 ac
578 1716 745 1773 naturam
765 1697 947 1774 delineare
967 1699 1155 1799 aggressus
1174 1716 1237 1773 est.
1252 1698 1353 1773 Nihil
1365 1697 1473 1773 habet

324 1819 539 1920 opusculum
563 1817 659 1917 quod
684 1815 957 1916 reprehendas,
982 1818 1056 1889 imo
1081 1815 1197 1888 multa
1215 1831 1307 1916 quae
1327 1815 1472 1908 laude83

323 1951 451 2008 auctor
476 1934 643 2025 enimse
670 1935 770 2006 cuius
795 1933 983 2034 disciplina
1007 1933 1138 2032 glorior
1162 1957 1241 2006 esse
1266 1928 1471 2034 prefectus,

321 2053 527 2151 linguarum
551 2042 721 2122 naturam
751 2049 935 2124 subtiliter
964 2050 1165 2140 iudicabat,
1199 2069 1306 2151 atque
1344 2049 1473 2123 altiora

323 2168 500 2268 principia
523 2165 888 2268 pervidebatacute,
914 2193 1024 2268 quare
1054 2165 1152 2268 quod
1182 2191 1305 2240 secum
1337 2167 1472 2240 cousti-

315 2293 443 2357 tue'rat
467 2309 593 2366 revera
612 2285 819 2385 praestitit,
844 2301 886 2358 ut
903 2284 1058 2383 ¹Coptici
1086 2287 1273 2379 sermonisv
1293 2283 1475 2358 elementa

324 2401 588 2474 inchoarentur
604 2399 809 2503 praeceptis
834 2400 1052 2474 verioribus.
1079 2405 1127 2472 At
1150 2399 1339 2502 perbrevis
1365 2399 1471 2474 tuca-

314 2507 444 2592 liratio
468 2515 610 2620 poterat
634 2513 784 2619 'quidem
806 2519 949 2619 linguae
968 2516 1126 2590 indolem
1144 2517 1381 2610 adumbrare,
1399 2543 1479 2591 non-

321 2660 410 2710 vero
437 2631 561 2710 omncs
587 2633 843 2739 'grammaticae
869 2635 990 2736 partes
1016 2636 1191 2735 attingere
1216 2651 1326 2735 aupue
1344 2636 1474 2708 articu-

323 2754 423 2826 latim
453 2751 670 2854 explanare3
703 2751 802 2852 quod
834 2777 925 2852 opus
956 2754 987 2825 si
1018 2754 1225 2826 acutissima
1255 2751 1390 2824 Calusii
1419 2752 1478 2826 vis

323 2876 488 2970 aggressa
512 2869 641 2946 fuisset
654 2913 668 2963 ,ι
691 2869 795 2942 nihil*
809 2869 900 2944 mihi
923 2872 962 2942 in
983 2871 1152 2970 -Copticis
1168 2867 1313 2942 ‘litteris
1344 2893 1472 2968 super-

314 3003 442 3077 esset,
469 3010 587 3085 quam*
601 3003 651 3062 ut*
673 2985 865 3089 gauderem
894 2987 1050 3088 palmam
1064 2983 1165 3058 ‘mihi
1189 2985 1299 3058 fuisse
1322 3010 1469 3087 praere-

289 3193 291 3196 ·
322 3119 424 3202 ptam
448 3129 468 3174 a
494 3121 731 3204 praeceptore
756 3105 1008 3178 amantissimo.
1034 3103 1197 3177 Palmam
1222 3101 1290 3176 dixi
1304 3157 1317 3194 ,
1331 3101 1379 3175 'dc
1400 3129 1473 3204 qua

322 3213 412 3290 mihi
431 3218 544 3292 'liceat
573 3221 694 3320 paullo
711 3221 974 3295 immodestius
1005 3217 1162 3294 blandiri
1189 3219 1395 3294 uenalium
1421 3219 1472 3292 ol)

322 3333 550 3430 finem·‚·2nisi
573 3352 615 3406 ut
638 3365 728 3412 aava
744 3363 888 3418 {corona
912 3338 1048 3414 Calusii
1073 3336 1212 3412 tumulo
1237 3335 1395 3412 accedat.

314 3483 318 3492 ·
371 3449 459 3527 Post
479 3451 636 3526 vScholzii
661 3471 698 3526 ct
714 3457 859 3529 ‘Galusii
884 3455 995 3529 libros
1021 3481 1116 3529 nova
1137 3455 1375 3528 monumenta
1399 3479 1475 3527 non

324 3577 465 3644 tantum
490 3569 747 3672 Me'mpliiticae
767 3570 914 3645 dialecti
929 3629 940 3666 ‚
957 3573 1022 3648 sed
1039 3575 1148 3647 etiam
1163 3573 1392 3646 Basmuricae
1410 3597 1472 3674 pe·

316 3688 617 3789 uitusrignotac3
644 3705 681 3760 et
699 3687 889 3772 ‘Sabidicae
919 3689 1083 3764 nondum
1114 3690 1207 3763 bene
1239 3688 1469 3790 exploratae3

196 3893 199 3896 1
323 3805 506 3878 intlueern
531 3804 770 3906 prodierunt,
795 3833 879 3880 cum
901 3807 1263 3881 aliorumdootorum
1281 3805 1469 3882 homiuum
1548 3875 1551 3882 Α

317 3919 476 4012 studiis,
502 3935 580 3994 tum
595 3923 642 3994 in
668 3923 795 4022 primis
821 3925 968 4026 Georgii
999 3927 1148 4026 Zoigae
1170 3925 1236 4024 qui
1268 3924 1467 4026 Borgianos

323 4033 463 4110 codices
488 4037 591 4111 benc'
607 4031 739 4112 multos
765 4039 942 4148 ediderat
953 4043 1045 4114 Cum
1064 4059 1119 4114 tot
1138 4046 1320 4144 tantisque
1338 4041 1468 4144 opibus

323 4151 470 4252 Coptica
494 4163 553 4230 res
579 4148 772 4250 crevisset,
799 4157 977 4232 confidere
1003 4158 1137 4233 licebat
1163 4159 1267 4253 fore,
1299 4175 1343 4232 ut
1375 4185 1467 4233 unus

321 4263 389 4341 vet
404 4269 496 4360 alter
511 4269 723 4374 'philologus
738 4277 815 4346 'tria
833 4277 1009 4380 sermonis
1027 4273 1193 4364 idiomata
1212 4278 1366 4359 invicem
1383 4302 1467 4350 cou-

323 4385 473 4482 tendens
485 4388 530 4462 ad
542 4415 765 4466 communem
779 4418 903 4470 eorum
918 4391 1033 4468 ideam
1046 4395 1465 4497 assurgeret‚aualogiam
1540 4453 1545 4470 ,
