<?xml version="1.0" encoding="UTF-8"?>
<!DOCTYPE html PUBLIC "-//W3C//DTD XHTML 1.0 Transitional//EN"
    "http://www.w3.org/TR/xhtml1/DTD/xhtml1-transitional.dtd">
<html xmlns="http://www.w3.org/1999/xhtml" xml:lang="en" lang="en">
 <head>
  <title>
</title>
<meta http-equiv="Content-Type" content="text/html;charset=utf-8" />
  <meta name='ocr-system' content='tesseract 3.04.00' />
  <meta name='ocr-capabilities' content='ocr_page ocr_carea ocr_par ocr_line ocrx_word'/>
</head>
<body>
  <div class='ocr_page' id='page_1' title='image "./grammaticalingu01peyrgoog_0013.png"; bbox 0 0 3244 5250; ppageno 0'>
   <div class='ocr_carea' id='block_1_1' title="bbox 229 557 1016 668">
    <p class='ocr_par' dir='ltr' id='par_1_1' title="bbox 229 557 1016 668">
     <span class='ocr_line' id='line_1_1' title="bbox 229 557 1016 668; baseline 0.004 -5"><span class='ocrx_word' id='word_1_1' title='bbox 229 617 231 622; x_wconf 66' lang='lat'>,</span> <span class='ocrx_word' id='word_1_2' title='bbox 363 616 371 624; x_wconf 95' lang='lat'>·</span> <span class='ocrx_word' id='word_1_3' title='bbox 437 611 439 616; x_wconf 95' lang='lat'>·</span> <span class='ocrx_word' id='word_1_4' title='bbox 531 557 1016 668; x_wconf 79' lang='lat' dir='ltr'>PRAEFATIO</span> 
     </span>
    </p>
   </div>
   <div class='ocr_carea' id='block_1_2' title="bbox 184 2227 1342 4520">
    <p class='ocr_par' dir='ltr' id='par_1_2' title="bbox 184 2227 1342 4520">
     <span class='ocr_line' id='line_1_2' title="bbox 187 2227 1341 2404; baseline 0 -30"><span class='ocrx_word' id='word_1_5' title='bbox 187 2227 382 2395; x_wconf 75' lang='lat' dir='ltr'>Coptica</span> <span class='ocrx_word' id='word_1_6' title='bbox 394 2293 517 2396; x_wconf 87' lang='lat' dir='ltr'>lingna</span> <span class='ocrx_word' id='word_1_7' title='bbox 535 2320 578 2369; x_wconf 89' lang='lat' dir='ltr'>ea</span> <span class='ocrx_word' id='word_1_8' title='bbox 596 2291 744 2392; x_wconf 90' lang='lat' dir='ltr'>dicitur,</span> <span class='ocrx_word' id='word_1_9' title='bbox 762 2318 873 2398; x_wconf 87' lang='lat' dir='ltr'>quam</span> <span class='ocrx_word' id='word_1_10' title='bbox 890 2294 995 2392; x_wconf 82' lang='lat' dir='ltr'>nobis</span> <span class='ocrx_word' id='word_1_11' title='bbox 1011 2296 1155 2374; x_wconf 86' lang='lat' dir='ltr'>codices</span> <span class='ocrx_word' id='word_1_12' title='bbox 1173 2297 1341 2404; x_wconf 76' lang='lat' dir='ltr'>Aegyptii</span> 
     </span>
     <span class='ocr_line' id='line_1_3' title="bbox 193 2409 1339 2519; baseline 0.005 -35"><span class='ocrx_word' id='word_1_13' title='bbox 193 2409 436 2513; x_wconf 87' lang='lat' dir='ltr'>prodiderunt</span> <span class='ocrx_word' id='word_1_14' title='bbox 456 2413 593 2514; x_wconf 87' lang='lat' dir='ltr'>graecis</span> <span class='ocrx_word' id='word_1_15' title='bbox 611 2412 743 2488; x_wconf 86' lang='lat' dir='ltr'>litteris</span> <span class='ocrx_word' id='word_1_16' title='bbox 764 2429 964 2508; x_wconf 79' lang='lat' dir='ltr'>exaratam3</span> <span class='ocrx_word' id='word_1_17' title='bbox 989 2413 1049 2488; x_wconf 89' lang='lat' dir='ltr'>illa</span> <span class='ocrx_word' id='word_1_18' title='bbox 1075 2417 1172 2494; x_wconf 90' lang='lat' dir='ltr'>enim</span> <span class='ocrx_word' id='word_1_19' title='bbox 1197 2417 1339 2519; x_wconf 85' lang='lat' dir='ltr'>lingua,</span> 
     </span>
     <span class='ocr_line' id='line_1_4' title="bbox 187 2519 1342 2635; baseline 0.007 -35"><span class='ocrx_word' id='word_1_20' title='bbox 187 2555 306 2628; x_wconf 57' lang='lat' dir='ltr'>‚quam</span> <span class='ocrx_word' id='word_1_21' title='bbox 324 2555 367 2604; x_wconf 82' lang='lat' dir='ltr'>ex</span> <span class='ocrx_word' id='word_1_22' title='bbox 385 2525 663 2634; x_wconf 85' lang='lat' dir='ltr'>hieroglyphiois</span> <span class='ocrx_word' id='word_1_23' title='bbox 680 2533 920 2635; x_wconf 68' lang='lat' dir='ltr'><strong>monumentis</strong></span> <span class='ocrx_word' id='word_1_24' title='bbox 941 2534 1099 2616; x_wconf 89' lang='lat' dir='ltr'>excitare</span> <span class='ocrx_word' id='word_1_25' title='bbox 1113 2519 1342 2608; x_wconf 89' lang='lat' dir='ltr'>contendunt</span> 
     </span>
     <span class='ocr_line' id='line_1_5' title="bbox 193 2645 1340 2760; baseline 0.003 -40"><span class='ocrx_word' id='word_1_26' title='bbox 193 2645 292 2720; x_wconf 87' lang='lat' dir='ltr'>docti</span> <span class='ocrx_word' id='word_1_27' title='bbox 307 2648 387 2740; x_wconf 82' lang='lat' dir='ltr'>viri,</span> <span class='ocrx_word' id='word_1_28' title='bbox 406 2649 537 2722; x_wconf 89' lang='lat' dir='ltr'>rectius</span> <span class='ocrx_word' id='word_1_29' title='bbox 554 2648 730 2749; x_wconf 87' lang='lat' dir='ltr'>appellari</span> <span class='ocrx_word' id='word_1_30' title='bbox 746 2646 1050 2760; x_wconf 83' lang='lat' dir='ltr'>debctAegyptia.</span> <span class='ocrx_word' id='word_1_31' title='bbox 1065 2652 1158 2724; x_wconf 92' lang='lat' dir='ltr'>Cum</span> <span class='ocrx_word' id='word_1_32' title='bbox 1174 2675 1262 2724; x_wconf 85' lang='lat' dir='ltr'>vcro</span> <span class='ocrx_word' id='word_1_33' title='bbox 1281 2676 1340 2724; x_wconf 94' lang='lat' dir='ltr'>co·</span> 
     </span>
     <span class='ocr_line' id='line_1_6' title="bbox 192 2762 1339 2866; baseline 0.004 -31"><span class='ocrx_word' id='word_1_34' title='bbox 192 2762 290 2838; x_wconf 90' lang='lat' dir='ltr'>dices</span> <span class='ocrx_word' id='word_1_35' title='bbox 310 2765 453 2866; x_wconf 91' lang='lat' dir='ltr'>Coptici</span> <span class='ocrx_word' id='word_1_36' title='bbox 471 2791 595 2840; x_wconf 88' lang='lat' dir='ltr'>omncs</span> <span class='ocrx_word' id='word_1_37' title='bbox 618 2765 695 2840; x_wconf 86' lang='lat' dir='ltr'>fere</span> <span class='ocrx_word' id='word_1_38' title='bbox 722 2765 769 2842; x_wconf 85' lang='lat' dir='ltr'>ad</span> <span class='ocrx_word' id='word_1_39' title='bbox 793 2793 908 2842; x_wconf 90' lang='lat' dir='ltr'>unum</span> <span class='ocrx_word' id='word_1_40' title='bbox 932 2769 969 2840; x_wconf 86' lang='lat' dir='ltr'>in</span> <span class='ocrx_word' id='word_1_41' title='bbox 994 2766 1103 2842; x_wconf 87' lang='lat' dir='ltr'>rebus</span> <span class='ocrx_word' id='word_1_42' title='bbox 1129 2765 1339 2852; x_wconf 80' lang='lat' dir='ltr'>Christianis</span> 
     </span>
     <span class='ocr_line' id='line_1_7' title="bbox 190 2881 1340 2986; baseline 0.006 -30"><span class='ocrx_word' id='word_1_43' title='bbox 190 2898 399 2974; x_wconf 85' lang='lat' dir='ltr'>versentur,</span> <span class='ocrx_word' id='word_1_44' title='bbox 412 2883 532 2985; x_wconf 87' lang='lat' dir='ltr'>lingua</span> <span class='ocrx_word' id='word_1_45' title='bbox 549 2884 700 2985; x_wconf 82' lang='lat' dir='ltr'>Coptica</span> <span class='ocrx_word' id='word_1_46' title='bbox 716 2899 841 2986; x_wconf 89' lang='lat' dir='ltr'>potest</span> <span class='ocrx_word' id='word_1_47' title='bbox 858 2884 965 2958; x_wconf 90' lang='lat' dir='ltr'>etiam</span> <span class='ocrx_word' id='word_1_48' title='bbox 981 2881 1127 2958; x_wconf 86' lang='lat' dir='ltr'>definiri</span> <span class='ocrx_word' id='word_1_49' title='bbox 1145 2883 1218 2976; x_wconf 89' lang='lat' dir='ltr'>illa,</span> <span class='ocrx_word' id='word_1_50' title='bbox 1230 2912 1340 2986; x_wconf 83' lang='lat' dir='ltr'>quam</span> 
     </span>
     <span class='ocr_line' id='line_1_8' title="bbox 190 3000 1338 3104; baseline 0.005 -32"><span class='ocrx_word' id='word_1_51' title='bbox 190 3000 361 3101; x_wconf 80' lang='lat' dir='ltr'>Aegyptii</span> <span class='ocrx_word' id='word_1_52' title='bbox 373 3016 596 3102; x_wconf 88' lang='lat' dir='ltr'>usurparunt</span> <span class='ocrx_word' id='word_1_53' title='bbox 613 3017 696 3103; x_wconf 90' lang='lat' dir='ltr'>post</span> <span class='ocrx_word' id='word_1_54' title='bbox 709 3004 891 3103; x_wconf 81' lang='lat' dir='ltr'>cognitam</span> <span class='ocrx_word' id='word_1_55' title='bbox 908 3016 1215 3104; x_wconf 67' lang='lat' dir='ltr'>propagatamque</span> <span class='ocrx_word' id='word_1_56' title='bbox 1234 3000 1338 3084; x_wconf 70' lang='lat' dir='ltr'>Chri,-</span> 
     </span>
     <span class='ocr_line' id='line_1_9' title="bbox 186 3119 1338 3223; baseline 0.007 -33"><span class='ocrx_word' id='word_1_57' title='bbox 186 3119 343 3192; x_wconf 88' lang='lat' dir='ltr'>stianam</span> <span class='ocrx_word' id='word_1_58' title='bbox 367 3119 587 3220; x_wconf 81' lang='lat' dir='ltr'>religionem.</span> <span class='ocrx_word' id='word_1_59' title='bbox 605 3121 786 3212; x_wconf 90' lang='lat' dir='ltr'>Quantum</span> <span class='ocrx_word' id='word_1_60' title='bbox 804 3119 982 3192; x_wconf 87' lang='lat' dir='ltr'>affinitatis</span> <span class='ocrx_word' id='word_1_61' title='bbox 1005 3120 1100 3216; x_wconf 87' lang='lat' dir='ltr'>inter</span> <span class='ocrx_word' id='word_1_62' title='bbox 1116 3121 1338 3223; x_wconf 83' lang='lat' dir='ltr'>Aegyptium</span> 
     </span>
     <span class='ocr_line' id='line_1_10' title="bbox 191 3235 1337 3346; baseline 0.005 -40"><span class='ocrx_word' id='word_1_63' title='bbox 191 3251 229 3306; x_wconf 88' lang='lat' dir='ltr'>et</span> <span class='ocrx_word' id='word_1_64' title='bbox 253 3235 444 3337; x_wconf 87' lang='lat' dir='ltr'>Copticum</span> <span class='ocrx_word' id='word_1_65' title='bbox 470 3262 674 3312; x_wconf 90' lang='lat' dir='ltr'>sermonem</span> <span class='ocrx_word' id='word_1_66' title='bbox 698 3236 898 3311; x_wconf 82' lang='lat' dir='ltr'>intercedat</span> <span class='ocrx_word' id='word_1_67' title='bbox 923 3251 1008 3310; x_wconf 92' lang='lat' dir='ltr'>tunc</span> <span class='ocrx_word' id='word_1_68' title='bbox 1042 3254 1141 3312; x_wconf 92' lang='lat' dir='ltr'>certo</span> <span class='ocrx_word' id='word_1_69' title='bbox 1167 3239 1337 3346; x_wconf 88' lang='lat' dir='ltr'>constitui</span> 
     </span>
     <span class='ocr_line' id='line_1_11' title="bbox 187 3352 1333 3457; baseline 0.004 -32"><span class='ocrx_word' id='word_1_70' title='bbox 187 3353 343 3452; x_wconf 84' lang='lat' dir='ltr'>poterit,</span> <span class='ocrx_word' id='word_1_71' title='bbox 370 3353 512 3455; x_wconf 88' lang='lat' dir='ltr'>quando</span> <span class='ocrx_word' id='word_1_72' title='bbox 530 3352 839 3456; x_wconf 87' lang='lat' dir='ltr'>hieroglyphicum</span> <span class='ocrx_word' id='word_1_73' title='bbox 856 3372 1013 3457; x_wconf 87' lang='lat' dir='ltr'>systema</span> <span class='ocrx_word' id='word_1_74' title='bbox 1030 3353 1169 3456; x_wconf 88' lang='lat' dir='ltr'>liquido</span> <span class='ocrx_word' id='word_1_75' title='bbox 1186 3358 1233 3430; x_wconf 92' lang='lat' dir='ltr'>sit</span> <span class='ocrx_word' id='word_1_76' title='bbox 1250 3380 1333 3457; x_wconf 75' lang='lat' dir='ltr'>per.</span> 
     </span>
     <span class='ocr_line' id='line_1_12' title="bbox 188 3459 1335 3574; baseline 0.003 -32"><span class='ocrx_word' id='word_1_77' title='bbox 188 3473 533 3570; x_wconf 76' lang='lat' dir='ltr'>spectum&#39;lutcrea</span> <span class='ocrx_word' id='word_1_78' title='bbox 558 3473 710 3547; x_wconf 84' lang='lat' dir='ltr'>aliarum</span> <span class='ocrx_word' id='word_1_79' title='bbox 735 3472 943 3574; x_wconf 88' lang='lat' dir='ltr'>linguarum</span> <span class='ocrx_word' id='word_1_80' title='bbox 968 3459 1189 3574; x_wconf 84' lang='lat' dir='ltr'>experientia</span> <span class='ocrx_word' id='word_1_81' title='bbox 1214 3472 1335 3554; x_wconf 89' lang='lat' dir='ltr'>edocti</span> 
     </span>
     <span class='ocr_line' id='line_1_13' title="bbox 187 3583 1334 3692; baseline 0.009 -36"><span class='ocrx_word' id='word_1_82' title='bbox 187 3583 255 3660; x_wconf 88' lang='lat' dir='ltr'>hoc</span> <span class='ocrx_word' id='word_1_83' title='bbox 275 3603 415 3662; x_wconf 87' lang='lat' dir='ltr'>tantum</span> <span class='ocrx_word' id='word_1_84' title='bbox 432 3589 606 3691; x_wconf 84' lang='lat' dir='ltr'>suspicari</span> <span class='ocrx_word' id='word_1_85' title='bbox 621 3613 809 3691; x_wconf 89' lang='lat' dir='ltr'>possumus</span> <span class='ocrx_word' id='word_1_86' title='bbox 828 3590 996 3692; x_wconf 85' lang='lat' dir='ltr'>Copticae</span> <span class='ocrx_word' id='word_1_87' title='bbox 1016 3589 1158 3692; x_wconf 84' lang='lat' dir='ltr'>linguae</span> <span class='ocrx_word' id='word_1_88' title='bbox 1178 3586 1334 3666; x_wconf 87' lang='lat' dir='ltr'>indolem</span> 
     </span>
     <span class='ocr_line' id='line_1_14' title="bbox 188 3706 1333 3810; baseline 0.003 -34"><span class='ocrx_word' id='word_1_89' title='bbox 188 3719 295 3806; x_wconf 85' lang='lat' dir='ltr'>atque</span> <span class='ocrx_word' id='word_1_90' title='bbox 321 3722 441 3808; x_wconf 88' lang='lat' dir='ltr'>etyma</span> <span class='ocrx_word' id='word_1_91' title='bbox 454 3709 601 3808; x_wconf 89' lang='lat' dir='ltr'>omnino</span> <span class='ocrx_word' id='word_1_92' title='bbox 615 3707 787 3782; x_wconf 89' lang='lat' dir='ltr'>abludere</span> <span class='ocrx_word' id='word_1_93' title='bbox 797 3733 875 3800; x_wconf 87' lang='lat' dir='ltr'>non</span> <span class='ocrx_word' id='word_1_94' title='bbox 891 3730 994 3809; x_wconf 89' lang='lat' dir='ltr'>posse</span> <span class='ocrx_word' id='word_1_95' title='bbox 1009 3706 1055 3780; x_wconf 91' lang='lat' dir='ltr'>ab</span> <span class='ocrx_word' id='word_1_96' title='bbox 1068 3707 1210 3808; x_wconf 90' lang='lat' dir='ltr'>ingenio</span> <span class='ocrx_word' id='word_1_97' title='bbox 1224 3721 1333 3810; x_wconf 85' lang='lat' dir='ltr'>atque</span> 
     </span>
     <span class='ocr_line' id='line_1_15' title="bbox 187 3821 1333 3929; baseline 0.004 -34"><span class='ocrx_word' id='word_1_98' title='bbox 187 3822 384 3922; x_wconf 87' lang='lat' dir='ltr'>originibus</span> <span class='ocrx_word' id='word_1_99' title='bbox 398 3827 575 3914; x_wconf 87' lang='lat' dir='ltr'>sermonis</span> <span class='ocrx_word' id='word_1_100' title='bbox 589 3826 767 3929; x_wconf 86' lang='lat' dir='ltr'>Aegyptii.</span> <span class='ocrx_word' id='word_1_101' title='bbox 781 3821 1092 3918; x_wconf 85' lang='lat' dir='ltr'>Quemadmodum</span> <span class='ocrx_word' id='word_1_102' title='bbox 1104 3824 1201 3900; x_wconf 89' lang='lat' dir='ltr'>enim</span> <span class='ocrx_word' id='word_1_103' title='bbox 1213 3826 1333 3900; x_wconf 84' lang='lat' dir='ltr'>variae</span> 
     </span>
     <span class='ocr_line' id='line_1_16' title="bbox 187 3939 1332 4043; baseline 0.003 -29"><span class='ocrx_word' id='word_1_104' title='bbox 187 3941 282 4014; x_wconf 88' lang='lat' dir='ltr'>Semi</span> <span class='ocrx_word' id='word_1_105' title='bbox 307 3939 482 4039; x_wconf 86' lang='lat' dir='ltr'>familiae,</span> <span class='ocrx_word' id='word_1_106' title='bbox 506 3943 593 4017; x_wconf 89' lang='lat' dir='ltr'>licet</span> <span class='ocrx_word' id='word_1_107' title='bbox 614 3947 655 4017; x_wconf 90' lang='lat' dir='ltr'>in</span> <span class='ocrx_word' id='word_1_108' title='bbox 678 3944 793 4019; x_wconf 75' lang='lat' dir='ltr'>varias</span> <span class='ocrx_word' id='word_1_109' title='bbox 817 3943 981 4026; x_wconf 88' lang='lat' dir='ltr'>nationes</span> <span class='ocrx_word' id='word_1_110' title='bbox 1003 3939 1245 4043; x_wconf 82' lang='lat' dir='ltr'>disgregatae,</span> <span class='ocrx_word' id='word_1_111' title='bbox 1271 3967 1332 4018; x_wconf 87' lang='lat' dir='ltr'>eas</span> 
     </span>
     <span class='ocr_line' id='line_1_17' title="bbox 185 4057 1331 4164; baseline 0.003 -34"><span class='ocrx_word' id='word_1_112' title='bbox 185 4081 331 4160; x_wconf 89' lang='lat' dir='ltr'>semper</span> <span class='ocrx_word' id='word_1_113' title='bbox 354 4061 584 4164; x_wconf 80' lang='lat' dir='ltr'>retinuerunt</span> <span class='ocrx_word' id='word_1_114' title='bbox 607 4059 805 4154; x_wconf 87' lang='lat' dir='ltr'>dialectos,</span> <span class='ocrx_word' id='word_1_115' title='bbox 839 4087 931 4164; x_wconf 90' lang='lat' dir='ltr'>quae</span> <span class='ocrx_word' id='word_1_116' title='bbox 959 4086 1069 4134; x_wconf 86' lang='lat' dir='ltr'>unam</span> <span class='ocrx_word' id='word_1_117' title='bbox 1105 4057 1331 4160; x_wconf 86' lang='lat' dir='ltr'>eandemque</span> 
     </span>
     <span class='ocr_line' id='line_1_18' title="bbox 186 4176 1331 4288; baseline 0 -38"><span class='ocrx_word' id='word_1_118' title='bbox 186 4201 414 4253; x_wconf 88' lang='lat' dir='ltr'>communem</span> <span class='ocrx_word' id='word_1_119' title='bbox 438 4179 615 4280; x_wconf 87' lang='lat' dir='ltr'>originem</span> <span class='ocrx_word' id='word_1_120' title='bbox 638 4193 857 4274; x_wconf 87' lang='lat' dir='ltr'>monstrent;</span> <span class='ocrx_word' id='word_1_121' title='bbox 881 4178 931 4251; x_wconf 88' lang='lat' dir='ltr'>ita</span> <span class='ocrx_word' id='word_1_122' title='bbox 948 4176 1054 4279; x_wconf 85' lang='lat' dir='ltr'>Copti</span> <span class='ocrx_word' id='word_1_123' title='bbox 1073 4176 1331 4288; x_wconf 80' lang='lat' dir='ltr'>Aegyptiorum</span> 
     </span>
     <span class='ocr_line' id='line_1_19' title="bbox 184 4291 1329 4398; baseline 0.001 -33"><span class='ocrx_word' id='word_1_124' title='bbox 184 4309 361 4396; x_wconf 86' lang='lat' dir='ltr'>nepotes,</span> <span class='ocrx_word' id='word_1_125' title='bbox 387 4295 462 4370; x_wconf 86' lang='lat' dir='ltr'>sola</span> <span class='ocrx_word' id='word_1_126' title='bbox 486 4297 661 4398; x_wconf 89' lang='lat' dir='ltr'>religione</span> <span class='ocrx_word' id='word_1_127' title='bbox 686 4324 707 4370; x_wconf 85' lang='lat' dir='ltr'>a</span> <span class='ocrx_word' id='word_1_128' title='bbox 730 4295 926 4390; x_wconf 83' lang='lat' dir='ltr'>maioribus</span> <span class='ocrx_word' id='word_1_129' title='bbox 952 4291 1184 4385; x_wconf 86' lang='lat' dir='ltr'>dissidentes,</span> <span class='ocrx_word' id='word_1_130' title='bbox 1212 4292 1329 4398; x_wconf 62' lang='lat' dir='ltr'>diver</span> 
     </span>
     <span class='ocr_line' id='line_1_20' title="bbox 186 4411 1328 4520; baseline 0.003 -35"><span class='ocrx_word' id='word_1_131' title='bbox 186 4435 261 4485; x_wconf 86' lang='lat' dir='ltr'>sam</span> <span class='ocrx_word' id='word_1_132' title='bbox 292 4411 441 4517; x_wconf 86' lang='lat' dir='ltr'>quidem</span> <span class='ocrx_word' id='word_1_133' title='bbox 472 4417 690 4518; x_wconf 84' lang='lat' dir='ltr'>scripturam</span> <span class='ocrx_word' id='word_1_134' title='bbox 720 4411 918 4491; x_wconf 84' lang='lat' dir='ltr'>adsciscere</span> <span class='ocrx_word' id='word_1_135' title='bbox 944 4428 1168 4516; x_wconf 83' lang='lat' dir='ltr'>potuerunt,</span> <span class='ocrx_word' id='word_1_136' title='bbox 1193 4425 1328 4520; x_wconf 78' lang='lat' dir='ltr'>utnon</span> 
     </span>
    </p>
   </div>
   <div class='ocr_carea' id='block_1_3' title="bbox 0 0 1626 5250">
    <p class='ocr_par' dir='ltr' id='par_1_3' title="bbox 0 0 1626 5250">
     <span class='ocr_line' id='line_1_21' title="bbox 0 0 1626 5250; baseline 0 6"><span class='ocrx_word' id='word_1_137' title='bbox 0 0 1626 5250; x_wconf 95' lang='lat' dir='ltr'> </span> 
     </span>
    </p>
   </div>
  </div>
 </body>
</html>
