3244 5250
321 441 382 488 xiv

318 533 485 606 maricam
505 555 583 606 csse
600 512 845 605 tantummodo
872 528 1097 620 inchoatam,
1116 543 1242 602 auctor
1258 529 1354 602 enim
1374 551 1464 604 nou·

318 652 439 724 nullas
466 650 634 723 orationis
661 664 782 750 partes
806 673 852 721 ne
878 649 996 747 attigit
1018 647 1189 748 quidem,
1206 647 1293 720 alias
1310 673 1385 722 non
1407 647 1466 720 ab·

321 767 451 860 solvit;
483 784 569 841 sunt
599 783 717 840 tamen
747 791 841 866 quae
872 767 1023 837 maxima
1055 787 1136 839 cum
1170 761 1355 866 diligentia
1380 787 1465 865 per·

321 901 493 960 tractatae
518 910 560 958 er
585 909 705 984 ungue
729 882 886 985 prodant
910 881 1062 955 leonem.
1084 882 1236 956 Multam
1254 881 1401 984 linguae
1411 907 1466 963 ex-

321 1005 537 1104 perientiam
562 1003 601 1074 in
626 1000 752 1073 libello
776 997 1048 1101 deprehendes,
1082 1016 1121 1074 et
1144 1003 1184 1073 in
1207 1000 1336 1100 primis
1361 1000 1464 1073 criti-

322 1148 405 1193 cum
432 1145 608 1210 acumen,
634 1144 707 1218 quo
732 1120 843 1190 trium
872 1115 1103 1192 dialectorum
1128 1133 1288 1192 remotae
1312 1118 1469 1218 origines

322 1238 547 1337 indagantur.
573 1235 828 1336 Ungarellius,
851 1236 920 1338 'qui
943 1234 1074 1308 librum
1099 1235 1276 1309 latinitate
1296 1233 1441 1310 donam
1453 1289 1466 1328 ,

324 1356 362 1428 id
388 1341 494 1451 etiarn
518 1354 588 1428 sibi
618 1354 738 1452 operis
769 1351 893 1446 dedit,
924 1369 968 1425 ut
998 1353 1158 1452 singulas
1188 1351 1328 1453 regulas
1357 1369 1469 1456 atque

325 1463 589 1546 observationes
614 1471 753 1544 idoneis
778 1470 953 1572 exemplis
976 1493 1020 1544 er
1043 1486 1202 1570 utroque
1219 1467 1385 1544 Foedere
1402 1469 1468 1544 do·

324 1592 427 1664 lectis
458 1590 722 1681 communiret,
754 1613 827 1660 non
860 1603 999 1662 tantum
1036 1587 1305 1689 Memphitidis,
1340 1613 1470 1662 verum

321 1709 430 1781 ctiam
455 1706 638 1781 Thebanis
662 1723 698 1779 et
723 1706 950 1780 Basmuricis.

373 1828 491 1926 Atque
518 1821 583 1896 hae
609 1825 757 1896 omnino
789 1840 876 1898 sunt
905 1821 1096 1898 universae
1127 1821 1394 1896 Grammaticae
1423 1819 1472 1895 ad

325 1933 417 2016 bane
443 1942 540 2015 diem
564 1941 738 2040 vulgatae.
764 1945 841 2043 Qu
866 1966 951 2016 vero
971 1965 1100 2014 novam
1119 1939 1335 2015 concinnavi
1351 1963 1393 2014 er
1410 1939 1471 2012 ad·

325 2059 592 2150 notationibus,
619 2083 708 2159 quas
733 2058 904 2160 Copticos
930 2073 1048 2134 textus
1066 2057 1258 2160 perlegens
1278 2057 1319 2129 in
1342 2054 1470 2132 adrer-

326 2178 433 2251 saria·
444 2176 641 2248 retuleram
667 2175 753 2249 dum
777 2177 922 2278 longam
946 2181 986 2250 in
1011 2175 1143 2249 Lexico
1166 2167 1233 2249 seu
1257 2173 1470 2266 condendo,

325 2319 390 2368 seu
415 2291 694 2395 amplificando,
720 2320 867 2396 operam
886 2295 1076 2396 ponebam.
1097 2293 1192 2386 Quid
1211 2317 1356 2368 mecum
1369 2315 1472 2393 prae-

325 2411 506 2486 stituerint
530 2409 634 2484 facile
660 2412 775 2485 lector
798 2413 990 2514 intelliget·
1000 2441 1042 2488 ex
1058 2409 1193 2485 iudicio
1211 2410 1309 2512 quod
1326 2409 1371 2484 de
1387 2410 1472 2484 alio·

323 2555 408 2604 rum
434 2529 678 2632 grammaticis
717 2527 903 2632 hucusque
940 2531 1032 2622 tuli,
1070 2546 1193 2604 utrum
1230 2527 1328 2630 qood
1352 2528 1472 2604 animo

322 2672 579 2749 praeceperam
604 2641 733 2722 revera
759 2647 1001 2748 perfecerim,
1027 2647 1102 2721 alii-
1115 2645 1335 2720 iudicabunt.

324 2799 328 2805 ·
377 2766 642 2839 Grammaticae
668 2767 800 2838 attexui
826 2767 1123 2866 Supplementum
1153 2765 1278 2838 Lexici
1288 2818 1300 2855 ,
1330 2761 1472 2864 dequo

328 2909 442 2983 pauca
466 2909 613 2956 monere
640 2886 745 2957 iuvat.
772 2885 920 2957 Duobus
941 2877 1073 2958 abhinc
1095 2876 1197 2957 annis
1223 2907 1307 2955 cum
1336 2881 1471 2954 Romae

328 3023 495 3072 versarer
519 2999 660 3074 codices
686 3001 857 3101 Copticos
889 3026 952 3076 seu
981 3002 1198 3092 vaticanos,
1215 3021 1290 3074 'seu
1322 2996 1474 3100 Collegii

328 3117 583 3217 Propagandac
609 3117 711 3191 Fidei
737 3118 911 3192 consului.
938 3119 1051 3191 Primi
1077 3135 1163 3192 sunt
1186 3113 1412 3219 Memphitici
1433 3137 1472 3186 ac

328 3234 527 3335 Liturgici,
553 3233 714 3336 adeoque
739 3236 874 3310 nullam
891 3262 991 3338 spem
1008 3235 1144 3310 hoiunt
1159 3237 1274 3310 bonae
1293 3234 1409 3334 frugis
1429 3231 1474 3306 ad

328 3353 475 3453 linguae
501 3340 630 3425 horrea
643 3353 911 3456 locupletanda,
925 3379 1036 3456 quare
1053 3355 1215 3429 converti
1227 3377 1286 3428 me
1305 3353 1350 3426 ad
1364 3372 1476 3424 mero-

328 3470 459 3543 branas
485 3467 763 3570 Propagandae,
783 3499 935 3573 quarum
953 3474 1092 3574 copiam
1113 3470 1203 3545 mibi
1220 3470 1474 3546 humanissime

329 3587 482 3662 faciebat
506 3585 732 3664 doctissimus
750 3588 846 3662 illius
863 3589 1100 3663 bibliothecae
1119 3588 1331 3664 Praefectus
1348 3585 1476 3662 Dracb.

331 3706 441 3800 Cum,
466 3706 645 3806 Borgiano
674 3729 750 3780 asse
782 3709 880 3778 inter
910 3705 1246 3808 haeredes-partito
1260 3761 1271 3802 ,
1302 3727 1345 3780 er
1375 3705 1477 3779 libris
1509 3757 1512 3764 -

329 3823 584 3926 manuscriptis
610 3817 669 3896 alii
695 3823 884 3926 Neapolim
909 3817 1216 3927 immigraverint',
1253 3819 1314 3898 alii
1344 3825 1477 3897 Romae

329 3943 527 4016 manserint
551 3943 590 4015 in
615 3941 774 4044 Collegio
799 3941 1083 4045 Propagandae,
1108 3941 1202 4019 forte
1228 3944 1406 4044 contigit,
1436 3956 1480 4012 ut

330 4057 561 4168 Neapolitani
595 4061 724 4168 sortiti
745 4061 830 4171 'sint
860 4059 1002 4169 codices
1037 4060 1249 4153 historicos,
1284 4061 1480 4150 asceticos,

331 4171 571 4269 monasticos,
598 4193 635 4251 et
659 4174 888 4280 patristicos,
914 4196 956 4251 ut
980 4179 1106 4272 aiunt,
1132 4207 1286 4282 quornm
1305 4204 1389 4280 pars
1410 4203 1482 4248 ma·

331 4295 426 4366 xima
447 4293 569 4394 ‘studio
596 4297 735 4398 Zoiigae
762 4295 882 4370 lucem
915 4297 986 4368 iam
1018 4295 1178 4389 viderat,
1210 4297 1364 4370 Romani
1394 4319 1482 4370 vero

333 4408 526 4488 habuerint
537 4411 678 4489 codices
691 4413 849 4489 Biblicos
861 4413 1053 4490 Thebanos
1059 4413 1161 4507 ,fere
1174 4439 1300 4492 omnes
1312 4411 1481 4504 ineditos,
