3244 5250
348 405 392 458 aa

393 501 488 576 Cum
513 496 704 590 Thebani,
729 501 786 573 uti
812 498 964 574 inferius
989 497 1137 592 dicam,
1163 514 1285 574 ament
1313 501 1504 600 geminare

342 617 512 713 vocales3
538 617 693 692 coniicio
719 639 779 692 eas
803 617 1033 706 circumflexo
1058 632 1225 710 notasse,
1262 641 1352 720 quas
1378 615 1504 720 dupli-

344 764 427 814 care
452 734 653 830 volebant,
676 737 725 810 ita
750 752 792 811 ut
816 734 869 832 ἷι,
895 735 927 811 ῶ
952 739 1027 813 sint
1052 763 1120 839 pro
1146 760 1223 830 aa,
1249 761 1321 812 ωω.

723 974 749 1065 S
775 997 811 1074 9.
837 971 1109 1075 Apostrophus.
1225 921 1229 930 ¹

342 1257 346 1264 v
389 1195 483 1284 solis
509 1209 618 1286 etiam
643 1207 830 1286 Thebanis
854 1191 896 1284 in
919 1234 990 1286 usu
1015 1225 1097 1307 est,
1123 1211 1188 1314 qui
1211 1205 1394 1314 virgulam
1413 1211 1498 1313 pin·

337 1310 428 1430 punt
451 1327 498 1403 ad
522 1328 707 1404 dexteram
731 1351 972 1405 consonarum
996 1340 1041 1423 t,
1065 1357 1113 1425 κ,
1140 1336 1187 1423 λ,
1211 1353 1239 1404 ιι
1252 1381 1265 1423 ,
1290 1355 1342 1423 p,
1366 1353 1501 1432 πρε·
1594 1385 1595 1422 ι

338 1446 516 1522 culiarem
540 1471 667 1527 eorum
681 1446 845 1523 valorem
862 1447 1083 1543 indicaturi3
1103 1469 1217 1550 quare
1234 1445 1376 1550 virgula
1393 1471 1500 1548 prae·
1594 1423 1595 1480 i

337 1557 445 1655 dietis
470 1568 641 1642 consonis
672 1565 856 1668 adscripta
883 1557 1058 1669 'apprime
1083 1564 1296 1668 -respondet
1333 1567 1500 1642 accentui

337 1683 572 1760 circumflexo
598 1683 817 1791 quibusdam
840 1685 1025 1761 vocalibus
1051 1686 1230 1788 imposito.
1265 1755 1268 1762 ,
1353 1705 1366 1744 -'
1506 1761 1509 1772 ,

386 1803 696 1879 commemoratae
722 1827 785 1879 sex
808 1804 977 1898 litterae,
1003 1805 1148 1907 quoties
1165 1815 1251 1879 sunt
1267 1801 1411 1896 finales,
1425 1801 1499 1876 'vir-

336 1921 422 2022 gula
445 1920 720 2024 insigniuntur,
752 1926 802 1998 sic
834 1925 957 2017 nosti,
989 1924 1128 2016 iarutt’,
1152 1923 1377 2016 tius’sztuass
1401 1923 1497 2012 ΜΝ,

335 2039 900 2137 soh’,ezes1eh’‚awp06ateu’,
927 2043 1066 2144 moon’,
1092 2043 1200 2134 ω’,
1230 2039 1332 2132 aap’,
1362 2041 1495 2138 tutan,

333 2159 499 2254 οωτιιρ’,’
514 2160 633 2255 eloa’,
658 2163 762 2256 δότ’,
787 2161 919 2253 κωῖτί
933 2159 1042 2233 -Τιιιιι
1058 2161 1112 2232 ‘in
1140 2156 1264 2234 media
1294 2177 1384 2234 voce
1411 2167 1432 2230 t
1458 2157 1497 2230 in

334 2276 467 2371 τῖιήιι,
490 2278 679 2388 ‘it'noore
703 2319 753 2336 -·-
772 2303 796 2354 ιι
813 2278 954 2382 quoties
972 2289 1029 2352 est
1046 2277 1192 2351 affixum
1211 2275 1393 2351 secundae
1412 2297 1497 2377 per-

335 2415 445 2469 sonae
471 2393 563 2499 sing.
582 2420 698 2472 maso.
738 2398 835 2474 ea'm
872 2403 1035 2498 accipis,
1074 2396 1237 2487 uea'aag
1271 2409 1374 2468 term
1399 2408 1495 2487 tua,

232 2541 235 2543 ·
286 2513 289 2519 ’
333 2513 555 2592 oa't'imooa·
584 2519 716 2590 mutati
743 2555 796 2572 --
826 2520 853 2595 λ
882 2517 921 2591 in
945 2498 1077 2596 cou’e'u
1100 2552 1150 2571 --
1174 2514 1263 2608 pin
1288 2514 1468 2608 m‘ip’utup
1483 2568 1495 2606 ,

295 2621 525 2729 'alpheam
549 2636 666 2728 p’gtull
689 2639 852 2737 operari.
904 2673 908 2680 ·
1391 2665 1394 2678 =

385 2753 479 2826 Sane
499 2750 739 2856 apostrophus
762 2751 989 2857 peculiarem
1013 2751 1144 2828 harum
1167 2752 1376 2826 litterarum
1399 2773 1493 2853 pro·

332 2871 598 2946 nuntiationem
622 2877 748 2948 notare
774 2871 885 2946 dehet
896 2928 909 2966 ,
936 2894 1004 2974 ogo
1018 2895 1110 2946 vero
1129 2872 1296 2973 suspicor
1314 2891 1492 2970 asperam.
1594 2887 1595 2912 ¹

333 2985 558 3083 Enimvero,
583 2994 637 3066 uti
663 2989 787 3094 paullo
812 3013 922 3094 supra
946 2989 1167 3084 monebam,
1197 2986 1366 3063 Thebani
1391 3011 1496 3062 num·

332 3130 446 3206 qoam
471 3105 647 3182 adhihent
672 3109 850 3214 aspiratae
876 3107 1016 3184 litteras
1041 3133 1093 3201 e,
1118 3115 1365 3212 pfquuae
1385 3129 1495 3209 saepe

331 3221 434 3328 apud
457 3225 703 3332 Memphites,
728 3241 768 3302 et
785 3251 870 3302 raro
888 3221 992 3330 apud·
1006 3227 1236 3318 Basmurioos
1253 3226 1292 3298 in
1309 3249 1379 3300 usu
1397 3239 1494 3300 sunt.

333 3339 435 3416 Fieri
455 3357 583 3417 'tamen
608 3346 751 3446 potuit,
776 3347 993 3450 etantiqua
1022 3343 1283 3420 Thebanorum
1316 3341 1496 3417 dialectos

331 3457 524 3560 paullatim
547 3485 704 3564 vergens
722 3461 775 3536 ‘ad
800 3461 938 3539 sororia
961 3445 1137 3537 idiomata
1161 3461 1328 3565 coeperit
1344 3458 1495 3561 quihus·

334 3575 416 3653 dam
441 3581 481 3656 in
508 3579 686 3656 adiunctis
712 3605 885 3684 asperum
909 3582 1116 3661 litterarum
1140 3607 1167 3657 τ
1191 3599 1228 3654 rt·
1243 3605 1266 3655 κ
1283 3603 1414 3654 sonum
1430 3576 1493 3650 ad·

330 3696 501 3793 mittere3
529 3721 614 3798 oum
637 3713 729 3771 vero
753 3699 792 3770 in
820 3695 1054 3800 alphabetum
1078 3696 1252 3772 inducere
1283 3717 1377 3768 nova
1415 3692 1491 3766 ele·
1542 3735 1545 3742 ·

331 3825 505 3888 mentae
531 3819 561 3918 a}
585 3839 620 3905 χ
657 3831 894 3913 recusarent,
931 3817 1145 3892 maluerunt
1181 3813 1323 3918 virgula
1360 3827 1492 3886 notare

332 3929 472 4006 litteras
497 3960 524 4008 τ
547 3961 576 4008 ιι
599 3962 623 4010 κ
636 3995 647 4030 ,
674 3959 768 4038 quae
795 3960 923 4037 aspero
962 3961 1052 4010 sono
1092 3947 1219 4010 essent
1257 3929 1491 4022 efferendas,

331 4071 408 4122 non
433 4073 537 4126 secus
563 4075 605 4126 ac
630 4049 754 4158 Iudaei
781 4057 827 4158 ,τῷ
858 4052 1013 4157 Rapta,
1049 4075 1090 4126 ao
1121 4053 1205 4158 Syri
1238 4059 1293 4154 tii
1307 4047 1491 4126 Raetoct

332 4167 573 4272 distinguunt
583 4171 725 4246 litteras
751 4177 908 4244 imm·
939 4171 1033 4246 Saue
1059 4172 1202 4273 quoties
1228 4165 1405 4258 eiusmodi
1429 4165 1491 4242 lit·

331 4307 431 4362 terae
448 4288 654 4389 geminatae·
670 4288 864 4390 leguntur,
881 4315 1080 4392 numquam
1099 4285 1253 4380 casuitli
1272 4279 1491 4390 apostropho

332 4404 547 4507 distinctas3
573 4406 801 4512 exploratum
827 4424 948 4483 autem
974 4407 1213 4484 est'litteram
1238 4403 1402 4510 asperam
1433 4423 1490 4502 ge
